@Misc{TeXFAQ,
  title =        {{UK} List of {\TeX} Frequently Asked Questions},
  author =       {{UK \TeX{} Users Group}},
  year =         2019,
  howpublished = {\url{https://texfaq.org}}
}

@Manual{Downes04:amsart,
  title =        {The \textsf{amsart}, \textsf{amsproc}, and
                  \textsf{amsbook} document~classes},
  author =       {Michael Downes and Barbara Beeton},
  organization = {American Mathematical Society},
  year =         2004,
  month =        aug,
  note =         {\url{http://www.ctan.org/pkg/amslatex}}
}

@article{bandura1998health,
  title={Health promotion from the perspective of social cognitive theory},
  author={Bandura, Albert},
  journal={Psychology and health},
  volume={13},
  number={4},
  pages={623--649},
  year={1998},
  publisher={Taylor \& Francis}
}

@article{bandura1989human,
  title={Human agency in social cognitive theory.},
  author={Bandura, Albert},
  journal={American psychologist},
  volume={44},
  number={9},
  pages={1175},
  year={1989},
  publisher={American Psychological Association}
}

@article{scott2002health,
  title={Health literacy and preventive health care use among Medicare enrollees in a managed care organization},
  author={Scott, Tracy L and Gazmararian, Julie A and Williams, Mark V and Baker, David W},
  journal={Medical care},
  volume={40},
  number={5},
  pages={395--404},
  year={2002},
  publisher={LWW}
}

@article{berkman2011low,
  title={Low health literacy and health outcomes: an updated systematic review},
  author={Berkman, Nancy D and Sheridan, Stacey L and Donahue, Katrina E and Halpern, David J and Crotty, Karen},
  journal={Annals of internal medicine},
  volume={155},
  number={2},
  pages={97--107},
  year={2011},
  publisher={American College of Physicians}
}

@Manual{Fiorio15,
  title =        {{a}lgorithm2e.sty---package for algorithms},
  author =       {Cristophe Fiorio},
  year =         2015,
  month =        oct,
  note =         {\url{http://www.ctan.org/pkg/algorithm2e}}
}

@Manual{Brito09,
  title =        {The algorithms bundle},
  author =       {Rog\'erio Brito},
  year =         2009,
  month =        aug,
  note =         {\url{http://www.ctan.org/pkg/algorithms}}
}

@Manual{Heinz15,
  title =        {The Listings Package},
  author =       {Carsten Heinz and Brooks Moses and Jobst Hoffmann},
  year =         2015,
  month =        jun,
  note =         {\url{http://www.ctan.org/pkg/listings}}
}

@Manual{Fear05,
  title =        {Publication quality tables in {\LaTeX}},
  author =       {Simon Fear},
  year =         2005,
  month =        apr,
  note =         {\url{http://www.ctan.org/pkg/booktabs}}
}

@Manual{ACMIdentityStandards,
  title =        {{ACM} Visual Identity Standards},
  organization = {Association for Computing Machinery},
  year =         2007,
  note =         {\url{http://identitystandards.acm.org}}
}

@Manual{Sommerfeldt13:Subcaption,
  title =        {The subcaption package},
  author =       {Axel Sommerfeldt},
  year =         2013,
  month =        apr,
  note =         {\url{http://www.ctan.org/pkg/subcaption}}
}

@Manual{Nomencl,
  title =        {A package to create a nomenclature},
  author =       {Boris Veytsman and Bern Schandl and Lee Netherton
                  and C. V. Radhakrishnan},
  year =         2005,
  month =        sep,
  note =         {\url{http://www.ctan.org/pkg/nomencl}}
}

@Manual{Talbot16:Glossaries,
  title =        {User Manual for glossaries.sty v4.44},
  author =       {Nicola L. C. Talbot},
  year =         2019,
  month =        dec,
  note =         {\url{http://www.ctan.org/pkg/glossaries}}
}

@Manual{Carlisle04:Textcase,
  title =        {The \textsl{textcase} package},
  author =       {David Carlisle},
  month =        oct,
  year =         2004,
  note =         {\url{http://www.ctan.org/pkg/textcase}}
}




%%%%%%%%%%%%%%%%%%%%%%%%%%%%%%%%%%%%%%%%%%%%%%%%% HERE STARTS MINE %%%%%%%%%%%%%%%%%%%%%%%%%%%%%%%%%%%%%%
%%%%%%%%%%%%%%%%%%%%%%%%%%%%%%%%%%%%%%%%%%%%%%%%% FROM CURRENT WRITING %%%%%%%%%%%%%%%%%%%%%%%%%%%%%%%%%%
@article{li2013player,
  title={Player--Avatar Identification in video gaming: Concept and measurement},
  author={Li, Dong Dong and Liau, Albert Kien and Khoo, Angeline},
  journal={Computers in Human Behavior},
  volume={29},
  number={1},
  pages={257--263},
  year={2013},
  publisher={Elsevier}
}

@article{kramer2014experimental,
  title={Experimental evidence of massive-scale emotional contagion through social networks},
  author={Kramer, Adam DI and Guillory, Jamie E and Hancock, Jeffrey T},
  journal={Proceedings of the National Academy of Sciences},
  volume={111},
  number={24},
  pages={8788--8790},
  year={2014},
  publisher={National Academy Sciences}}

@inproceedings{chaudhry2016evaluation,
  title={Evaluation of a Food Portion Size Estimation Interface for a Varying Literacy Population},
  author={Chaudhry, Beenish M and Schaefbauer, Christopher and Jelen, Ben and Siek, Katie A and Connelly, Kay},
  booktitle={Proceedings of the 2016 CHI Conference on Human Factors in Computing Systems},
  pages={5645--5657},
  year={2016},
  organization={ACM}}

@inproceedings{kadomura2014persuasive,
  title={Persuasive technology to improve eating behavior using a sensor-embedded fork},
  author={Kadomura, Azusa and Li, Cheng-Yuan and Tsukada, Koji and Chu, Hao-Hua and Siio, Itiro},
  booktitle={Proceedings of the 2014 ACM International Joint Conference on Pervasive and Ubiquitous Computing},
  pages={319--329},
  year={2014},
  organization={ACM}
}

@article{liu2017new,
  title={A New Deep Learning-based Food Recognition System for Dietary Assessment on An Edge Computing Service Infrastructure},
  author={Liu, Chang and Cao, Yu and Luo, Yan and Chen, Guanling and Vokkarane, Vinod and Ma, Yunsheng and Chen, Songqing and Hou, Peng},
  journal={IEEE Transactions on Services Computing},
  year={2017},
  publisher={IEEE}
}

@article{williamson2000recommendations,
  title={Recommendations of dietitians for overcoming barriers to dietary adherence in individuals with diabetes},
  author={Williamson, Amy R and Hunt, Alice E and Pope, Janet F and Tolman, Nancy M},
  journal={The Diabetes Educator},
  volume={26},
  number={2},
  pages={272--279},
  year={2000},
  publisher={Sage Publications Sage CA: Thousand Oaks, CA}
}

@inproceedings{Yang:2015:PBF:2806416.2806544,
 author = {Yang, Longqi and Cui, Yin and Zhang, Fan and Pollak, John P. and Belongie, Serge and Estrin, Deborah},
 title = {PlateClick: Bootstrapping Food Preferences Through an Adaptive Visual Interface},
 booktitle = {Proceedings of the 24th ACM International on Conference on Information and Knowledge Management},
 series = {CIKM '15},
 year = {2015},
 isbn = {978-1-4503-3794-6},
 location = {Melbourne, Australia},
 pages = {183--192},
 numpages = {10},
 url = {http://doi.acm.org/10.1145/2806416.2806544},
 doi = {10.1145/2806416.2806544},
 acmid = {2806544},
 publisher = {ACM},
 address = {New York, NY, USA},
 keywords = {food preference elicitation, online learning, visual interface},
} 


@inproceedings{bettadapura2015leveraging,
  title={Leveraging context to support automated food recognition in restaurants},
  author={Bettadapura, Vinay and Thomaz, Edison and Parnami, Aman and Abowd, Gregory D and Essa, Irfan},
  booktitle={Applications of Computer Vision (WACV), 2015 IEEE Winter Conference on},
  pages={580--587},
  year={2015},
  organization={IEEE}
}

@Misc{rise2017,
author =   {Rise Labs, Inc.},
title =    {Rise apps},
howpublished = {\url{https://www.rise.us/}},
year = {2017}
}

@article{martin2008novel,
  title={A novel method to remotely measure food intake of free-living individuals in real time: the remote food photography method},
  author={Martin, Corby K and Han, Hongmei and Coulon, Sandra M and Allen, H Raymond and Champagne, Catherine M and Anton, Stephen D},
  journal={British Journal of Nutrition},
  volume={101},
  number={3},
  pages={446--456},
  year={2008},
  publisher={Cambridge University Press}
}

@article{zhu2010use,
  title={The use of mobile devices in aiding dietary assessment and evaluation},
  author={Zhu, Fengqing and Bosch, Marc and Woo, Insoo and Kim, SungYe and Boushey, Carol J and Ebert, David S and Delp, Edward J},
  journal={IEEE journal of selected topics in signal processing},
  volume={4},
  number={4},
  pages={756--766},
  year={2010},
  publisher={IEEE}
}

@article{zhang2015snap,
  title={“Snap-n-Eat” Food Recognition and Nutrition Estimation on a Smartphone},
  author={Zhang, Weiyu and Yu, Qian and Siddiquie, Behjat and Divakaran, Ajay and Sawhney, Harpreet},
  journal={Journal of diabetes science and technology},
  volume={9},
  number={3},
  pages={525--533},
  year={2015},
  publisher={SAGE Publications Sage CA: Los Angeles, CA}
}

@article{kong2012dietcam,
  title={DietCam: Automatic dietary assessment with mobile camera phones},
  author={Kong, Fanyu and Tan, Jindong},
  journal={Pervasive and Mobile Computing},
  volume={8},
  number={1},
  pages={147--163},
  year={2012},
  publisher={Elsevier}
}

@article{anderson1997role,
  title={The role of examples and rules in the acquisition of a cognitive skill.},
  author={Anderson, John R and Fincham, Jon M and Douglass, Scott},
  journal={Journal of experimental psychology: learning, memory, and cognition},
  volume={23},
  number={4},
  pages={932},
  year={1997},
  publisher={American Psychological Association}
}

@inproceedings{beijbom2015menu,
  title={Menu-match: restaurant-specific food logging from images},
  author={Beijbom, Oscar and Joshi, Neel and Morris, Dan and Saponas, Scott and Khullar, Siddharth},
  booktitle={Applications of Computer Vision (WACV), 2015 IEEE Winter Conference on},
  pages={844--851},
  year={2015},
  organization={IEEE}
}

@inproceedings{cordeiro2015barriers,
  title={Barriers and negative nudges: Exploring challenges in food journaling},
  author={Cordeiro, Felicia and Epstein, Daniel A and Thomaz, Edison and Bales, Elizabeth and Jagannathan, Arvind K and Abowd, Gregory D and Fogarty, James},
  booktitle={Proceedings of the 33rd Annual ACM Conference on Human Factors in Computing Systems},
  pages={1159--1162},
  year={2015},
  organization={ACM}
}

@inproceedings{meyers2015im2calories,
  title={Im2Calories: towards an automated mobile vision food diary},
  author={Meyers, Austin and Johnston, Nick and Rathod, Vivek and Korattikara, Anoop and Gorban, Alex and Silberman, Nathan and Guadarrama, Sergio and Papandreou, George and Huang, Jonathan and Murphy, Kevin P},
  booktitle={Proceedings of the IEEE International Conference on Computer Vision},
  pages={1233--1241},
  year={2015}
}

@inproceedings{andrew2013simplifying,
  title={Simplifying mobile phone food diaries: design and evaluation of a food index-based nutrition diary},
  author={Andrew, Adrienne H and Borriello, Gaetano and Fogarty, James},
  booktitle={Proceedings of the 7th international conference on pervasive computing technologies for healthcare},
  pages={260--263},
  year={2013},
  organization={ICST (Institute for Computer Sciences, Social-Informatics and Telecommunications Engineering)}
}

@article{wheeler2014choose,
  title={Choose Your Foods: Food Lists for Diabetes, 2014},
  author={Wheeler, Madelyn L and Daly, Anne and Evert, Alison and Franz, Marion J and Geil, Patti and Holzmeister, Lea Ann and Korsberg, Jane and Kulkarni, Karmeen and Loghmani, Emily and Nwankwo, Robin and Quintana, Liz and Urbanski, Patti},
  pages={1--64},
  year={2014},
  organization={Academy of Nutrition and Dietetics/American Diabetes Association},
  publisher={Academy of Nutrition and Dietetics}
}

@article{freyne2017push,
  title={Push notifications in diet apps: influencing engagement times and tasks},
  author={Freyne, Jill and Yin, Jie and Brindal, Emily and Hendrie, Gilly A and Berkovsky, Shlomo and Noakes, Manny},
  journal={International Journal of Human--Computer Interaction},
  volume={33},
  number={10},
  pages={833--845},
  year={2017},
  publisher={Taylor \& Francis}
}

@inproceedings{hwang2017monster,
  title={Monster appetite: Effects of subversive framing on nutritional choices in a digital game environment},
  author={Hwang, Maria L and Mamykina, Lena},
  booktitle={Proceedings of the 2017 CHI Conference on Human Factors in Computing Systems},
  pages={4082--4096},
  year={2017}
}

@inproceedings{hwang2018mealphotos,
  title={Let Me Help You Learn from My Meal: User-Generated Meal Photos as a Benchmark for Nutritional Estimation},
  author={Hwang, Maria L and Mamykina, Lena},
  booktitle={Proceedings of the 2018 Connected Learning Summit (CLS)},
  pages={348},
  city={Boston, MA},
  publisher={ETC Press},
  month={August},
  year={2018}
}


@article{zoellner2011health,
  title={Health literacy is associated with healthy eating index scores and sugar-sweetened beverage intake: findings from the rural Lower Mississippi Delta},
  author={Zoellner, Jamie and You, Wen and Connell, Carol and Smith-Ray, Renae L and Allen, Kacie and Tucker, Katherine L and Davy, Brenda M and Estabrooks, Paul},
  journal={Journal of the American Dietetic Association},
  volume={111},
  number={7},
  pages={1012--1020},
  year={2011},
  publisher={Elsevier}
}

@article{schwartz2006ability,
  title={The ability of young adults to estimate portion size and calorie content},
  author={Schwartz, Jaime and Byrd-Bredbenner, Carol},
  journal={Topics in Clinical Nutrition},
  volume={21},
  number={2},
  pages={114--121},
  year={2006},
  publisher={LWW}
}


@misc{nutbeam2000advancing,
  title={Advancing health literacy: a global challenge for the 21st century},
  author={Nutbeam, Don and Kickbusch, Ilona},
  year={2000},
  publisher={Oxford University Press}
}

@article{kim2014energy,
  title={Energy content estimation by collegians for portion standardized foods frequently consumed in Korea},
  author={Kim, Jin and Lee, Hee Jung and Lee, Hyun Jung and Lee, Sun Ha and Yun, Jee-Young and Choi, Mi-Kyeong and Kim, Mi-Hyun},
  journal={Clinical nutrition research},
  volume={3},
  number={1},
  pages={24--32},
  year={2014}
}

@inproceedings{lester2010automatic,
  title={Automatic classification of daily fluid intake},
  author={Lester, Jonathan and Tan, Desney and Patel, Shwetak and Brush, AJ Bernheim},
  booktitle={Pervasive Computing Technologies for Healthcare (PervasiveHealth), 2010 4th International Conference},
  pages={1--8},
  year={2010},
  organization={IEEE}
}

@article{siek2009evaluation,
  title={Evaluation of two mobile nutrition tracking applications for chronically ill populations with low literacy skills},
  author={Siek, Katie A and Connelly, Kay H and Chaudry, Beenish and Lambert, Desiree and Welch, Janet L},
  journal={Mobile Health Solutions for Biomedical Applications},
  pages={1--23},
  year={2009},
  publisher={IGI Global Hershey, PA}
}

@article{rothman2006patient,
  title={Patient understanding of food labels: the role of literacy and numeracy},
  author={Rothman, Russell L and Housam, Ryan and Weiss, Hilary and Davis, Dianne and Gregory, Rebecca and Gebretsadik, Tebeb and Shintani, Ayumi and Elasy, Tom A},
  journal={American journal of preventive medicine},
  volume={31},
  number={5},
  pages={391--398},
  year={2006},
  publisher={Elsevier}
}

@article{huizinga2009literacy,
  title={Literacy, numeracy, and portion-size estimation skills},
  author={Huizinga, Mary Margaret and Carlisle, Adam J and Cavanaugh, Kerri L and Davis, Dianne L and Gregory, Rebecca P and Schlundt, David G and Rothman, Russell L},
  journal={American journal of preventive medicine},
  volume={36},
  number={4},
  pages={324--328},
  year={2009},
  publisher={Elsevier}
}

@article{chaudry2013formative,
  title={Formative evaluation of a mobile liquid portion size estimation interface for people with varying literacy skills},
  author={Chaudry, Beenish Moalla and Connelly, Kay and Siek, Katie A and Welch, Janet L},
  journal={Journal of ambient intelligence and humanized computing},
  volume={4},
  number={6},
  pages={779--789},
  year={2013},
  publisher={Springer}
}

@article{lansky1982estimates,
  title={Estimates of food quantity and calories: errors in self-report among obese patients.},
  author={Lansky, David and Brownell, Kelly D},
  journal={The American journal of clinical nutrition},
  volume={35},
  number={4},
  pages={727--732},
  year={1982},
  publisher={Am Soc Nutrition}
}

@article{ahmed2010assessment,
  title={Assessment and management of nutrition in older people and its importance to health},
  author={Ahmed, Tanvir and Haboubi, Nadim},
  journal={Clinical interventions in aging},
  volume={5},
  pages={207},
  year={2010},
  publisher={Dove Press}
}

@article{kawamura2007importance,
  title={The importance of carbohydrate counting in the treatment of children with diabetes},
  author={Kawamura, Tomoyuki},
  journal={Pediatric diabetes},
  volume={8},
  number={s6},
  pages={57--62},
  year={2007},
  publisher={Wiley Online Library}
}

@inproceedings{noronha2011platemate,
  title={Platemate: crowdsourcing nutritional analysis from food photographs},
  author={Noronha, Jon and Hysen, Eric and Zhang, Haoqi and Gajos, Krzysztof Z},
  booktitle={Proceedings of the 24th annual ACM symposium on User interface software and technology},
  pages={1--12},
  year={2011},
  organization={ACM}
}

@article{parker2014reflection,
  title={Reflection-through-performance: personal implications of documenting health behaviors for the collective},
  author={Parker, Andrea Grimes},
  journal={Personal and ubiquitous computing},
  volume={18},
  number={7},
  pages={1737--1752},
  year={2014},
  publisher={Springer}
}

@inproceedings{Thomaz:2013:FIE:2526667.2526672,
 author = {Thomaz, Edison and Parnami, Aman and Essa, Irfan and Abowd, Gregory D.},
 title = {Feasibility of Identifying Eating Moments from First-person Images Leveraging Human Computation},
 booktitle = {Proceedings of the 4th International SenseCam \& Pervasive Imaging Conference},
 series = {SenseCam '13},
 year = {2013},
 isbn = {978-1-4503-2247-8},
 location = {San Diego, California, USA},
 pages = {26--33},
 numpages = {8},
 url = {http://doi.acm.org/10.1145/2526667.2526672},
 doi = {10.1145/2526667.2526672},
 acmid = {2526672},
 publisher = {ACM},
 address = {New York, NY, USA},
 keywords = {crowdsourcing, diet, egocentric photos, health, human computation, lifestyle, mechanical turk, wearable},
} 

@article{rizk2014indirect,
  title={An indirect approach to the measurement of nutrient-specific perceptions of food healthiness},
  author={Rizk, Marianne T and Treat, Teresa A},
  journal={Annals of Behavioral Medicine},
  volume={48},
  number={1},
  pages={17--25},
  year={2014},
  publisher={Springer}
}

@article{atkinson2000learning,
  title={Learning from examples: Instructional principles from the worked examples research},
  author={Atkinson, Robert K and Derry, Sharon J and Renkl, Alexander and Wortham, Donald},
  journal={Review of educational research},
  volume={70},
  number={2},
  pages={181--214},
  year={2000},
  publisher={Sage Publications Sage CA: Thousand Oaks, CA}
}

@article{moore1994making,
  title={Making the transition to formal proof},
  author={Moore, Robert C},
  journal={Educational Studies in mathematics},
  volume={27},
  number={3},
  pages={249--266},
  year={1994},
  publisher={Springer}
}

@article{dahlberg1997facilitating,
  title={Facilitating learning events through example generation},
  author={Dahlberg, Randall P and Housman, David L},
  journal={Educational Studies in Mathematics},
  volume={33},
  number={3},
  pages={283--299},
  year={1997},
  publisher={Springer}
}

@inproceedings{burgermaster2017role,
  title={The Role of Explanations in Casual Observational Learning about Nutrition},
  author={Burgermaster, Marissa and Gajos, Krzysztof Z and Davidson, Patricia and Mamykina, Lena},
  booktitle={Proceedings of the 2017 CHI Conference on Human Factors in Computing Systems},
  pages={4097--4145},
  year={2017},
  organization={ACM}
}

@inproceedings{zhang2011food,
  title={Food volume estimation from a single image using virtual reality technology},
  author={Zhang, Zhengnan and Yang, Yongquan and Yue, Yaofeng and Fernstrom, John D and Jia, Wenyan and Sun, Mingui},
  booktitle={Bioengineering Conference (NEBEC), 2011 IEEE 37th Annual Northeast},
  pages={1--2},
  year={2011},
  organization={IEEE}
}

@article{buckland2015associations,
  title={Associations between nutritional properties of food and consumer perceptions related to weight management},
  author={Buckland, Nicola J and Dalton, Michelle and Stubbs, R James and Hetherington, Marion M and Blundell, John E and Finlayson, Graham},
  journal={Food Quality and Preference},
  volume={45},
  pages={18--25},
  year={2015},
  publisher={Elsevier}
}

@article{woodward2015unhealthy,
  title={Unhealthy how?: Implicit and explicit affective evaluations of different types of unhealthy foods},
  author={Woodward, Halley E and Treat, Teresa A},
  journal={Eating behaviors},
  volume={17},
  pages={27--32},
  year={2015},
  publisher={Elsevier}
}

@article{berkman2004literacy,
  title={Literacy and health outcomes. Evidence report/technology assessment No. 87},
  author={Berkman, Nancy D and DeWalt, Darren A and Pignone, Michael and Sheridan, Stacey L and Lohr, Kathleen N and Lux, Linda and Sutton, Sonya F and Swinson, Tammeka and Arthur, J and others},
  year={2004}
}

@inproceedings{mamykina2011examining,
  title={Examining the impact of collaborative tagging on sensemaking in nutrition management},
  author={Mamykina, Lena and Miller, Andrew D and Grevet, Catherine and Medynskiy, Yevgeniy and Terry, Michael A and Mynatt, Elizabeth D and Davidson, Patricia R},
  booktitle={Proceedings of the SIGCHI Conference on Human Factors in Computing Systems},
  pages={657--666},
  year={2011},
  organization={ACM}
}

@article{fontana2014automatic,
  title={Automatic ingestion monitor: A novel wearable device for monitoring of ingestive behavior},
  author={Fontana, Juan M and Farooq, Muhammad and Sazonov, Edward},
  journal={IEEE Transactions on Biomedical Engineering},
  volume={61},
  number={6},
  pages={1772--1779},
  year={2014},
  publisher={IEEE}
}

@inproceedings{liu2012intelligent,
  title={An intelligent food-intake monitoring system using wearable sensors},
  author={Liu, Jindong and Johns, Edward and Atallah, Louis and Pettitt, Claire and Lo, Benny and Frost, Gary and Yang, Guang-Zhong},
  booktitle={Wearable and Implantable Body Sensor Networks (BSN), 2012 Ninth International Conference on},
  pages={154--160},
  year={2012},
  organization={IEEE}
}

@article{anthimopoulos2015computer,
  title={Computer vision-based carbohydrate estimation for type 1 patients with diabetes using smartphones},
  author={Anthimopoulos, Marios and Dehais, Joachim and Shevchik, Sergey and Ransford, Botwey H and Duke, David and Diem, Peter and Mougiakakou, Stavroula},
  journal={Journal of diabetes science and technology},
  volume={9},
  number={3},
  pages={507--515},
  year={2015},
  publisher={SAGE Publications}
}

@inproceedings{chung2017personal,
  title={When Personal Tracking Becomes Social: Examining the Use of Instagram for Healthy Eating},
  author={Chung, Chia-Fang and Agapie, Elena and Schroeder, Jessica and Mishra, Sonali and Fogarty, James and Munson, Sean A},
  booktitle={Proceedings of the 2017 CHI Conference on Human Factors in Computing Systems},
  pages={1674--1687},
  year={2017},
  organization={ACM}
}

@article{rhyner2016carbohydrate,
  title={Carbohydrate estimation by a mobile phone-based system versus self-estimations of individuals with type 1 diabetes mellitus: a comparative study},
  author={Rhyner, Daniel and Loher, Hannah and Dehais, Joachim and Anthimopoulos, Marios and Shevchik, Sergey and Botwey, Ransford Henry and Duke, David and Stettler, Christoph and Diem, Peter and Mougiakakou, Stavroula},
  journal={Journal of medical Internet research},
  volume={18},
  number={5},
  year={2016},
  publisher={JMIR Publications Inc.}
}

@inproceedings{dehais2016gocarb,
  title={GoCARB: A Smartphone Application for Automatic Assessment of Carbohydrate Intake},
  author={Dehais, Joachim and Anthimopoulos, Marios and Mougiakakou, Stavroula},
  booktitle={Proceedings of the 2nd International Workshop on Multimedia Assisted Dietary Management},
  pages={91--91},
  year={2016},
  organization={ACM}
}

@article{dehais2017two,
  title={Two-view 3D Reconstruction for Food Volume Estimation},
  author={Dehais, Joachim and Anthimopoulos, Marios and Shevchik, Sergey and Mougiakakou, Stavroula},
  journal={IEEE transactions on multimedia},
  volume={19},
  number={5},
  pages={1090--1099},
  year={2017},
  publisher={IEEE}
}

@article{shen2017assessing,
  title={Assessing the Accuracy of a Wrist Motion Tracking Method for Counting Bites Across Demographic and Food Variables},
  author={Shen, Yiru and Salley, James and Muth, Eric and Hoover, Adam},
  journal={IEEE journal of biomedical and health informatics},
  volume={21},
  number={3},
  pages={599--606},
  year={2017},
  publisher={IEEE}
}

@inproceedings{borgstrom1993comparison,
  title={Comparison-based search in the presence of errors},
  author={Borgstrom, Ryan S and Kosaraju, S Rao},
  booktitle={Proceedings of the twenty-fifth annual ACM symposium on Theory of computing},
  pages={130--136},
  year={1993},
  organization={ACM}
}

@Misc{nih1998,
  author = {National Institutes of Health: National Heart, Lung, and Blood Institute},
  title = {Clinical guidelines on the identification, evluation, and treatment of overweight and obesity in adults: The Evidence report}, 
  month = {September},
  year = {1998},
  note = {Retrieved June 13, 2017 from \url{https://www.nhlbi.nih.gov/files/docs/guidelines/obesity_guidelines_archive.pdf}},
  annote ={URL}
}


@Misc{cdc2015,
  author = {U.S. Department of Health and Human Services, Centers for Disease Control and Prevention, \& National Center for Health Statistics},
  title = {Prevalence of Obesity Among Adults and Youth: United States, 2011--2014},
  month ={11},
  year = {2015},
  note = {Retrieved November 6, 2016 from \url{https://www.cdc.gov/nchs/data/databriefs/db219.pdf}},
  annote ={URL}
}


@Misc{cdc2020,
  author = {U.S. Department of Health and Human Services, Centers for Disease Control and Prevention, \& National Center for Health Statistics},
  title = {Prevalence of Obesity and Severe Obesity Among Adults: United States, 2017–2018},
  month ={02},
  year = {2020},
  note = {Retrieved August 29, 2020 from \url{https://www.cdc.gov/nchs/products/databriefs/db360.htm}},
  annote ={URL}
}





@inproceedings{schafer2017user,
  title={User nutrition modelling and recommendation: Balancing simplicity and complexity},
  author={Sch{\"a}fer, Hanna and Elahi, Mehdi and Elsweiler, David and Groh, Georg and Harvey, Morgan and Ludwig, Bernd and Ricci, Francesco and Said, Alan},
  booktitle={Adjunct publication of the 25th conference on user modeling, adaptation and personalization},
  pages={93--96},
  year={2017}
}

@inproceedings{siek2006we,
  title={When do we eat? An evaluation of food items input into an electronic food monitoring application},
  author={Siek, Katie A and Connelly, Kay H and Rogers, Yvonne and Rohwer, Paul and Lambert, Desiree and Welch, Janet L},
  booktitle={Pervasive Health Conference and Workshops, 2006},
  pages={1--10},
  year={2006},
  organization={IEEE}
}

@inproceedings{siek2006pride,
  title={Pride and prejudice: learning how chronically ill people think about food},
  author={Siek, Katie A and Connelly, Kay H and Rogers, Yvonne},
  booktitle={Proceedings of the SIGCHI conference on human factors in computing systems},
  pages={947--950},
  year={2006},
  organization={ACM}
}

@inproceedings{miyazaki2011image,
  title={Image-based calorie content estimation for dietary assessment},
  author={Miyazaki, Tatsuya and de Silva, Gamhewage C and Aizawa, Kiyoharu},
  booktitle={Multimedia (ISM), 2011 IEEE International Symposium on},
  pages={363--368},
  year={2011},
  organization={IEEE}
}

@article{alkerwi2015consumption,
  title={Consumption of ready-made meals and increased risk of obesity: findings from the Observation of Cardiovascular Risk Factors in Luxembourg (ORISCAV-LUX) study},
  author={Alkerwi, Ala'a and Crichton, Georgina E and H{\'e}bert, James R},
  journal={British Journal of Nutrition},
  volume={113},
  number={2},
  pages={270--277},
  year={2015},
  publisher={Cambridge University Press}
}

@inproceedings{chen2009pfid,
  title={PFID: Pittsburgh fast-food image dataset},
  author={Chen, Mei and Dhingra, Kapil and Wu, Wen and Yang, Lei and Sukthankar, Rahul and Yang, Jie},
  booktitle={Image Processing (ICIP), 2009 16th IEEE International Conference on},
  pages={289--292},
  year={2009},
  organization={IEEE}
}

@article{schillinger2002association,
  title={Association of health literacy with diabetes outcomes},
  author={Schillinger, Dean and Grumbach, Kevin and Piette, John and Wang, Frances and Osmond, Dennis and Daher, Carolyn and Palacios, Jorge and Sullivan, Gabriela Diaz and Bindman, Andrew B},
  journal={Jama},
  volume={288},
  number={4},
  pages={475--482},
  year={2002},
  publisher={American Medical Association}
}

@inproceedings{rahman2012food,
  title={Food volume estimation in a mobile phone based dietary assessment system},
  author={Rahman, Md Hafizur and Li, Qiang and Pickering, Mark and Frater, Michael and Kerr, Deborah and Bouchey, Carol and Delp, Edward},
  booktitle={Signal Image Technology and Internet Based Systems (SITIS), 2012 Eighth International Conference on},
  pages={988--995},
  year={2012},
  organization={IEEE}
}

@inproceedings{kuhad2015using,
  title={Using distance estimation and deep learning to simplify calibration in food calorie measurement},
  author={Kuhad, Pallavi and Yassine, Abdulsalam and Shimohammadi, Shervin},
  booktitle={Computational Intelligence and Virtual Environments for Measurement Systems and Applications (CIVEMSA), 2015 IEEE International Conference on},
  pages={1--6},
  year={2015},
  organization={IEEE}
}


@inproceedings{pouladzadeh2016food,
  title={Food calorie measurement using deep learning neural network},
  author={Pouladzadeh, Parisa and Kuhad, Pallavi and Peddi, Sri Vijay Bharat and Yassine, Abdulsalam and Shirmohammadi, Shervin},
  booktitle={Instrumentation and Measurement Technology Conference Proceedings (I2MTC), 2016 IEEE International},
  pages={1--6},
  year={2016},
  organization={IEEE}
}


@inproceedings{merler2016snap,
  title={Snap, Eat, RepEat: a food recognition engine for dietary logging},
  author={Merler, Michele and Wu, Hui and Uceda-Sosa, Rosario and Nguyen, Quoc-Bao and Smith, John R},
  booktitle={Proceedings of the 2nd International Workshop on Multimedia Assisted Dietary Management},
  pages={31--40},
  year={2016},
  organization={ACM}
}






































































%%%%%%%%%%%%%%%%%%%%%%%%%%%%%%%%%%%%%%%%%%%%%%%%%%%%%%%%%%%%%%%%%%%%%%
%%% FROM last year CHI's writing. 
%%%%%%%%%%%%%%%%%%%%%%%%%%%%%%%%%%%%%%%%%%%%%%%%%%%%%%%%%%%%%%%%%%%%%%
@article{ahn2014framing,
  title={Framing virtual experiences effects on environmental efficacy and behavior over time},
  author={Ahn, Sun Joo Grace and Fox, Jesse and Dale, Katherine R and Avant, J Adam},
  journal={Communication Research},
  pages={0093650214534973},
  year={2014},
  publisher={SAGE Publications}
}


@article{ahn2015incorporating,
  title={Incorporating immersive virtual environments in health promotion campaigns: A construal level theory approach},
  author={Ahn, Sun Joo},
  journal={Health communication},
  volume={30},
  number={6},
  pages={545--556},
  year={2015},
  publisher={Taylor \& Francis}
}

@book{alessi1991computer,
  title={Computer-based instruction: Methods and development},
  author={Alessi, Stephen M and Trollip, Stanley R},
  year={1991}
}

@article{aldridge2006message,
  title={Message framing effects in nutrition education},
  author={Aldridge, Dawn K},
  journal={Food and Nutrition Service, USDA},
  pages={1--15},
  year={2006}
}

@article{stanton2006nutrition,
  title={Nutrition problems in an obesogenic environment},
  author={Stanton, Rosemary A},
  journal={Medical Journal of Australia},
  volume={184},
  number={2},
  pages={76},
  year={2006},
  publisher={AUSTRALASIAN MEDICAL PUBLISHING COMPANY LTD}
}

@article{banks1995effects,
  title={The effects of message framing on mammography utilization.},
  author={Banks, Sara M and Salovey, Peter and Greener, Susan and Rothman, Alexander J and Moyer, Anne and Beauvais, John and Epel, Elissa},
  journal={Health psychology},
  volume={14},
  number={2},
  pages={178},
  year={1995},
  publisher={American Psychological Association}
}

@article{brown1988preschool,
  title={Preschool children can learn to transfer: Learning to learn and learning from example},
  author={Brown, Ann L and Kane, Mary Jo},
  journal={Cognitive Psychology},
  volume={20},
  number={4},
  pages={493--523},
  year={1988},
  publisher={Elsevier}
}

@article{ratzan2000national,
  title={National library of medicine current bibliographies in medicine: health literacy},
  author={Ratzan, SC and Parker, RM and Selden, CR and Zorn, M},
  journal={Bethesda, MD: National Institutes of Health, US Department of Health and Human Services},
  year={2000}
}

@article{chandon2007obesity,
  title={Is obesity caused by calorie underestimation? A psychophysical model of meal size estimation},
  author={Chandon, Pierre and Wansink, Brian},
  journal={Journal of Marketing Research},
  volume={44},
  number={1},
  pages={84--99},
  year={2007},
  publisher={American Marketing Association}
}

@article{chandon2007biasing,
  title={The biasing health halos of fast-food restaurant health claims: lower calorie estimates and higher side-dish consumption intentions},
  author={Chandon, Pierre and Wansink, Brian},
  journal={Journal of Consumer Research},
  volume={34},
  number={3},
  pages={301--314},
  year={2007},
  publisher={The University of Chicago Press}
}

@article{baranowski2003squire,
  title={Squire's Quest!: Dietary outcome evaluation of a multimedia game},
  author={Baranowski, Tom and Baranowski, Janice and Cullen, Karen W and Marsh, Tara and Islam, Noemi and Zakeri, Issa and Honess-Morreale, Lauren and others},
  journal={American journal of preventive medicine},
  volume={24},
  number={1},
  pages={52--61},
  year={2003},
  publisher={Elsevier}
}

@inproceedings{teng2012recipe,
  title={Recipe recommendation using ingredient networks},
  author={Teng, Chun-Yuen and Lin, Yu-Ru and Adamic, Lada A},
  booktitle={Proceedings of the 4th Annual ACM Web Science Conference},
  pages={298--307},
  year={2012}
}

@inproceedings{muller2012ingredient,
  title={Ingredient matching to determine the nutritional properties of internet-sourced recipes},
  author={M{\"u}ller, Manuel and Harvey, Morgan and Elsweiler, David and Mika, Stefanie},
  booktitle={2012 6th International Conference on Pervasive Computing Technologies for Healthcare (PervasiveHealth) and Workshops},
  pages={73--80},
  year={2012},
  organization={IEEE}
}

@article{baranowski2011behavioral,
  title={Behavioral science in video games for children's diet and physical activity change: key research needs},
  author={Baranowski, Tom and Baranowski, Janice and Thompson, Debbe and Buday, Richard},
  journal={Journal of diabetes science and technology},
  volume={5},
  number={2},
  pages={229--233},
  year={2011},
  publisher={SAGE Publications}
}

@article{baranowski2011video,
  title={Video game play, child diet, and physical activity behavior change: A randomized clinical trial},
  author={Baranowski, Tom and Baranowski, Janice and Thompson, Debbe and Buday, Richard and Jago, Russ and Griffith, Melissa Juliano and Islam, Noemi and Nguyen, Nga and Watson, Kathleen B},
  journal={American journal of preventive medicine},
  volume={40},
  number={1},
  pages={33--38},
  year={2011},
  publisher={Elsevier}
}

@article{bird1983dietary,
  title={The dietary intakes of subjects estimated from photographs compared with a weighed record.},
  author={Bird, G and Elwood, Peter Creighton},
  journal={Human nutrition. Applied nutrition},
  volume={37},
  number={6},
  pages={470--473},
  year={1983}
}

@article{mattila2008mobile,
  title={Mobile diary for wellness management—results on usage and usability in two user studies},
  author={Mattila, Elina and P{\"a}rkk{\"a}, Juha and Hermersdorf, Marion and Kaasinen, Jussi and Vainio, Janne and Samposalo, Kai and Merilahti, Juho and Kolari, Juha and Kulju, Minna and Lappalainen, Raimo and others},
  journal={IEEE Transactions on information technology in biomedicine},
  volume={12},
  number={4},
  pages={501--512},
  year={2008},
  publisher={IEEE}
}

@inproceedings{Cordeiro:2015:RMF:2702123.2702154,
 author = {Cordeiro, Felicia and Bales, Elizabeth and Cherry, Erin and Fogarty, James},
 title = {Rethinking the Mobile Food Journal: Exploring Opportunities for Lightweight Photo-Based Capture},
 booktitle = {Proceedings of the 33rd Annual ACM Conference on Human Factors in Computing Systems},
 series = {CHI '15},
 year = {2015},
 isbn = {978-1-4503-3145-6},
 location = {Seoul, Republic of Korea},
 pages = {3207--3216},
 numpages = {10},
 url = {http://doi.acm.org/10.1145/2702123.2702154},
 doi = {10.1145/2702123.2702154},
 acmid = {2702154},
 publisher = {ACM},
 address = {New York, NY, USA},
 keywords = {food journals, personal informatics, photos, self-tracking},
} 

@article{baranowski2008playing,
  title={Playing for real: video games and stories for health-related behavior change},
  author={Baranowski, Tom and Buday, Richard and Thompson, Debbe I and Baranowski, Janice},
  journal={American journal of preventive medicine},
  volume={34},
  number={1},
  pages={74--82},
  year={2008},
  publisher={Elsevier}
}

@inproceedings{baumer2012prescriptive,
  title={Prescriptive persuasion and open-ended social awareness: expanding the design space of mobile health},
  author={Baumer, Eric PS and Katz, Sherri Jean and Freeman, Jill E and Adams, Phil and Gonzales, Amy L and Pollak, John and Retelny, Daniela and Niederdeppe, Jeff and Olson, Christine M and Gay, Geri K},
  booktitle={Proceedings of the ACM 2012 conference on Computer Supported Cooperative Work},
  pages={475--484},
  year={2012},
  organization={ACM}
}

@article{bennett2010web,
  title={Web-based Weight Loss in Primary Care: A Randomized Controlled Trial},
  author={Bennett, Gary G and Herring, Sharon J and Puleo, Elaine and Stein, Evelyn K and Emmons, Karen M and Gillman, Matthew W},
  journal={Obesity},
  volume={18},
  number={2},
  pages={308--313},
  year={2010},
  publisher={Wiley Online Library}
}

@article{berman2008obesity,
  title={Obesity prevention in the information age: caloric information at the point of purchase},
  author={Berman, Mark and Lavizzo-Mourey, Risa},
  journal={Jama},
  volume={300},
  number={4},
  pages={433--435},
  year={2008},
  publisher={American Medical Association}
}

@inproceedings{epstein2016crumbs,
  title={Crumbs: lightweight daily food challenges to promote engagement and mindfulness},
  author={Epstein, Daniel A and Cordeiro, Felicia and Fogarty, James and Hsieh, Gary and Munson, Sean A},
  booktitle={Proceedings of the 2016 CHI Conference on Human Factors in Computing Systems},
  pages={5632--5644},
  year={2016},
  organization={ACM}
}

@article{blumberg2014serious,
  title={Serious games for health: Features, challenges, next steps},
  author={Blumberg, Moderators: Fran C and Burke, Lauren C and Hodent, Participants: Celia and Evans, Michael A and Lane, H Chad and Schell, Jesse},
  journal={Games for health: Research, Development, and Clinical Applications},
  volume={3},
  number={5},
  pages={270--276},
  year={2014},
  publisher={Mary Ann Liebert, Inc. 140 Huguenot Street, 3rd Floor New Rochelle, NY 10801 USA}
}

@book{bogost2007persuasive,
  title={Persuasive games: The expressive power of videogames},
  author={Bogost, Ian},
  year={2007},
  publisher={MIT Press}
}

@article{bollinger2011calorie,
  title={Calorie posting in chain restaurants},
  author={Bollinger, Bryan and Leslie, Phillip and Sorensen, Alan},
  journal={American Economic Journal: Economic Policy},
  volume={3},
  number={1},
  pages={91--128},
  year={2011},
  publisher={American Economic Association}
}

@inproceedings{bopp2016negative,
  title={Negative Emotion, Positive Experience?: Emotionally Moving Moments in Digital Games},
  author={Bopp, Julia Ayumi and Mekler, Elisa D and Opwis, Klaus},
  booktitle={Proceedings of the 2016 CHI Conference on Human Factors in Computing Systems},
  pages={2996--3006},
  year={2016},
  organization={ACM}
}

@article{brewer2007meta,
  title={Meta-analysis of the relationship between risk perception and health behavior: the example of vaccination.},
  author={Brewer, Noel T and Chapman, Gretchen B and Gibbons, Frederick X and Gerrard, Meg and McCaul, Kevin D and Weinstein, Neil D},
  journal={Health Psychology},
  volume={26},
  number={2},
  pages={136},
  year={2007},
  publisher={American Psychological Association}
}

@article{broemer2002relative,
  title={Relative effectiveness of differently framed health messages: The influence of ambivalence},
  author={Broemer, Philip},
  journal={European Journal of Social Psychology},
  volume={32},
  number={5},
  pages={685--703},
  year={2002},
  publisher={Wiley Online Library}
}

@article{burton2006attacking,
  title={Attacking the obesity epidemic: the potential health benefits of providing nutrition information in restaurants},
  author={Burton, Scot and Creyer, Elizabeth H and Kees, Jeremy and Huggins, Kyle},
  journal={American Journal of Public Health},
  volume={96},
  number={9},
  pages={1669--1675},
  year={2006},
  publisher={American Public Health Association}
}

@article{turkay2014effects,
  title={The effects of avatar-based customization on player identification},
  author={Turkay, Selen and Kinzer, Charles K},
  journal={International Journal of Gaming and Computer-Mediated Simulations (IJGCMS)},
  volume={6},
  number={1},
  pages={1--25},
  year={2014},
  publisher={IGI Global}
}

@article{trepte2010avatar,
  title={Avatar creation and video game enjoyment},
  author={Trepte, Sabine and Reinecke, Leonard},
  journal={Journal of Media Psychology},
  year={2010},
  publisher={Hogrefe Publishing}
}

@inproceedings{ng2013examining,
  title={Examining the effects of avatar customization and narrative on engagement and learning in video games},
  author={Ng, Raymond and Lindgren, Robb},
  booktitle={Proceedings of CGAMES'2013 USA},
  pages={87--90},
  year={2013},
  organization={IEEE}
}

@article{orji2017improving,
  title={Improving the efficacy of games for change using personalization models},
  author={Orji, Rita and Mandryk, Regan L and Vassileva, Julita},
  journal={ACM Transactions on Computer-Human Interaction (TOCHI)},
  volume={24},
  number={5},
  pages={1--22},
  year={2017},
  publisher={ACM New York, NY, USA}
}

@article{turkay2015effects,
  title={The effects of customization on motivation in an extended study with a massively multiplayer online roleplaying game},
  author={Turkay, Selen and Adinolf, Sonam},
  journal={Cyberpsychology: Journal of Psychosocial Research on Cyberspace},
  volume={9},
  number={3},
  year={2015}
}

@inproceedings{marathe2011drives,
  title={What drives customization? Control or identity?},
  author={Marathe, Sampada and Sundar, S Shyam},
  booktitle={Proceedings of the SIGCHI conference on human factors in computing systems},
  pages={781--790},
  year={2011}
}

@inproceedings{birk2016fostering,
  title={Fostering intrinsic motivation through avatar identification in digital games},
  author={Birk, Max V and Atkins, Cheralyn and Bowey, Jason T and Mandryk, Regan L},
  booktitle={Proceedings of the 2016 CHI conference on human factors in computing systems},
  pages={2982--2995},
  year={2016}
}

@inproceedings{adinolf2011controlling,
  title={Controlling your game controls: Interface and customization},
  author={Adinolf, Sonam and Turkay, Selen},
  booktitle={Proceedings of the 7th international conference on Games+ Learning+ Society Conference},
  pages={13--22},
  year={2011}
}

@article{bailey2009avatar,
  title={How avatar customizability affects children's arousal and subjective presence during junk food--sponsored online video games},
  author={Bailey, Rachel and Wise, Kevin and Bolls, Paul},
  journal={CyberPsychology \& Behavior},
  volume={12},
  number={3},
  pages={277--283},
  year={2009},
  publisher={Mary Ann Liebert, Inc. 140 Huguenot Street, 3rd Floor New Rochelle, NY 10801 USA}
}

@inproceedings{cuthbert2019effects,
  title={The effects of customisation on player experiences and motivation in a virtual reality game},
  author={Cuthbert, Robert and Turkay, Selen and Brown, Ross},
  booktitle={Proceedings of the 31st Australian Conference on Human-Computer-Interaction},
  pages={221--232},
  year={2019}
}

@inproceedings{richards2014beyond,
  title={Beyond designing for motivation: the importance of context in gamification},
  author={Richards, Chad and Thompson, Craig W and Graham, Nicholas},
  booktitle={Proceedings of the first ACM SIGCHI annual symposium on Computer-human interaction in play},
  pages={217--226},
  year={2014}
}

@article{peng2009design,
  title={Design and evaluation of a computer game to promote a healthy diet for young adults},
  author={Peng, Wei},
  journal={Health communication},
  volume={24},
  number={2},
  pages={115--127},
  year={2009},
  publisher={Taylor \& Francis}
}

@inproceedings{kyfonidis2019making,
  title={Making Diabetes Education Interactive: Tangible Educational Toys for Children with Type-1 Diabetes},
  author={Kyfonidis, Charalampos and Lennon, Marilyn},
  booktitle={Proceedings of the 2019 CHI Conference on Human Factors in Computing Systems},
  pages={1--12},
  year={2019}
}

@inproceedings{busch2015personalization,
  title={Personalization in serious and persuasive games and gamified interactions},
  author={Busch, Marc and Mattheiss, Elke and Orji, Rita and Marczewski, Andrzej and Hochleitner, Wolfgang and Lankes, Michael and Nacke, Lennart E and Tscheligi, Manfred},
  booktitle={Proceedings of the 2015 Annual Symposium on Computer-Human Interaction in Play},
  pages={811--816},
  year={2015},
  organization={ACM}
}

@article{buzinski2015don,
  title={Don’t Tell Me What to Do},
  author={Buzinski, Steven G and Price, Allison},
  journal={SAGE Open},
  volume={5},
  number={3},
  pages={2158244015602751},
  year={2015},
  publisher={SAGE Publications}
}

@inproceedings{carter2014paradigms,
  title={Paradigms of games research in HCI: a review of 10 years of research at CHI},
  author={Carter, Marcus and Downs, John and Nansen, Bjorn and Harrop, Mitchell and Gibbs, Martin},
  booktitle={Proceedings of the first ACM SIGCHI annual symposium on Computer-human interaction in play},
  pages={27--36},
  year={2014},
  organization={ACM}
}

@misc{owh2020,
    author = {Department of Health and Human Services},
    title ={Shape of Health - An Obesity Prevention Game},
    publisher ={The Office on Women’s Health (OWH)},
    note = {Retrieved July 16, 2020 from
    \url{https://www.challenge.gov/challenge/shape-of-health-an-obesity-prevention-game/}},
    annote ={URL}
}

@article{baranowski2019nutrition,
  title={Nutrition education and dietary behavior change games: A scoping review},
  author={Baranowski, Tom and Ryan, Courtney and Hoyos-Cespedes, Andres and Lu, Amy Shirong},
  journal={Games for health journal},
  volume={8},
  number={3},
  pages={153--176},
  year={2019},
  publisher={Mary Ann Liebert, Inc., publishers 140 Huguenot Street, 3rd Floor New~…}
}

@article{squire2007mad,
  title={Mad City Mystery: Developing scientific argumentation skills with a place-based augmented reality game on handheld computers},
  author={Squire, Kurt D and Jan, Mingfong},
  journal={Journal of science education and technology},
  volume={16},
  number={1},
  pages={5--29},
  year={2007},
  publisher={Springer}
}

@article{gee2003video,
  title={What video games have to teach us about learning and literacy},
  author={Gee, James Paul},
  journal={Computers in Entertainment (CIE)},
  volume={1},
  number={1},
  pages={20--20},
  year={2003},
  publisher={ACM New York, NY, USA}
}

@Misc{cdc2016,
  author = {Office on Smoking and Health, National Center for Chronic Disease Prevention and Health Promotion, Centers for Disease Control and Prevention},
  title = {Campaign Overview},
  month ={3},
  day = {23},
  year = {2016},
  note = {Retrieved November 6, 2016 from \url{https://www.cdc.gov/obesity/data/adult.html}},
  annote ={URL}
}

@article{chapelot2011role,
  title={The role of snacking in energy balance: a biobehavioral approach},
  author={Chapelot, Didier},
  journal={The Journal of nutrition},
  volume={141},
  number={1},
  pages={158--162},
  year={2011},
  publisher={Am Soc Nutrition}
}

@inproceedings{chen2014healthifying,
  title={Healthifying exergames: improving health outcomes through intentional priming},
  author={Chen, Frank X and King, Abby C and Hekler, Eric B},
  booktitle={Proceedings of the 32nd annual ACM CHI Conference on Human factors in computing systems},
  pages={1855--1864},
  year={2014},
  organization={ACM}
}

@article{cho2008effects,
  title={Effects of gain versus loss frame antidrug ads on adolescents},
  author={Cho, Hyunyi and Boster, Franklin J},
  journal={Journal of Communication},
  volume={58},
  number={3},
  pages={428--446},
  year={2008},
  publisher={Wiley Online Library}
}

@inproceedings{choe2014understanding,
  title={Understanding quantified-selfers' practices in collecting and exploring personal data},
  author={Choe, Eun Kyoung and Lee, Nicole B and Lee, Bongshin and Pratt, Wanda and Kientz, Julie A},
  booktitle={Proceedings of the SIGCHI Conference on Human Factors in Computing Systems},
  pages={1143--1152},
  year={2014}
}

@inproceedings{choe2013persuasive,
  title={Persuasive performance feedback: The effect of framing on self-efficacy},
  author={Choe, Eun Kyoung and Lee, Bongshin and Munson, Sean and Pratt, Wanda and Kientz, Julie A},
  booktitle={AMIA Annual Symposium Proceedings},
  volume={2013},
  pages={825},
  year={2013},
  organization={American Medical Informatics Association}
}

@article{chu2006computerized,
  title={A computerized approach to diagnosing student learning problems in health education},
  author={Chu, Hui-Chun and Hwang, Gwo-Jen and Tseng, Judy CR and Hwang, Gwo-Haur},
  journal={Asian Journal of Health and Information Sciences},
  volume={1},
  number={1},
  pages={43--60},
  year={2006},
  publisher={亞洲大學}
}

@inproceedings{consolvo2008flowers,
  title={Flowers or a robot army?: encouraging awareness \& activity with personal, mobile displays},
  author={Consolvo, Sunny and Klasnja, Predrag and McDonald, David W and Avrahami, Daniel and Froehlich, Jon and LeGrand, Louis and Libby, Ryan and Mosher, Keith and Landay, James A},
  booktitle={Proceedings of the 10th international conference on Ubiquitous computing},
  pages={54--63},
  year={2008},
  organization={ACM}
}

@inproceedings{consolvo2009theory,
  title={Theory-driven design strategies for technologies that support behavior change in everyday life},
  author={Consolvo, Sunny and McDonald, David W and Landay, James A},
  booktitle={Proceedings of the SIGCHI Conference on Human Factors in Computing Systems},
  pages={405--414},
  year={2009},
  organization={ACM}
}

@article{de2009piracy,
  title={Piracy vs. control: models of virtual world governance and their impact on player and user experience},
  author={De Zwart, Melissa},
  year={2009},
  publisher={University of Texas at Austin}
}

@inproceedings{denning2009balance,
  title={BALANCE: towards a usable pervasive wellness application with accurate activity inference},
  author={Denning, Tamara and Andrew, Adrienne and Chaudhri, Rohit and Hartung, Carl and Lester, Jonathan and Borriello, Gaetano and Duncan, Glen},
  booktitle={Proceedings of the 10th workshop on Mobile Computing Systems and Applications},
  pages={5},
  year={2009},
  organization={ACM}
}

@article{deshazo2010mobile,
    title={Designing and remotely testing mobile diabetes video games},
    author={DeShazo, Jonathan and Harris, Lynne and Turner, Anne and Pratt, Wanda},
    journal={Journal of Telemedicine and Telecare},
    year={2010},    
    volume={ 16},
    number={7}, 
    pages={378--382}
}

@article{dowd1986paradoxical,
  title={Paradoxical interventions in counseling psychology},
  author={Dowd, E Thomas and Milne, Christopher R},
  journal={The Counseling Psychologist},
  volume={14},
  number={2},
  pages={237--282},
  year={1986},
  publisher={Sage Publications}
}

@article{drummond1998evidence,
  title={Evidence that eating frequency is inversely related to body weight status in male, but not female, non-obese adults reporting valid dietary intakes},
  author={Drummond, SE and Crombie, NE and Cursiter, MC and Kirk, TR and others},
  journal={International journal of obesity},
  volume={22},
  number={2},
  pages={105--112},
  year={1998}
}

@article{duffey2011energy,
  title={Energy density, portion size, and eating occasions: contributions to increased energy intake in the United States, 1977--2006},
  author={Duffey, Kiyah J and Popkin, Barry M},
  journal={PLoS Med},
  volume={8},
  number={6},
  pages={e1001050},
  year={2011},
  publisher={Public Library of Science}
}

@article{dumanovsky2010consumer,
  title={Consumer awareness of fast-food calorie information in New York City after implementation of a menu labeling regulation},
  author={Dumanovsky, Tamara and Huang, Christina Y and Bassett, Mary T and Silver, Lynn D},
  journal={American Journal of Public Health},
  volume={100},
  number={12},
  pages={2520--2525},
  year={2010},
  publisher={American Public Health Association}
}

@article{elbel2009calorie,
  title={Calorie labeling and food choices: a first look at the effects on low-income people in New York City},
  author={Elbel, Brian and Kersh, Rogan and Brescoll, Victoria L and Dixon, L Beth},
  journal={Health affairs},
  volume={28},
  number={6},
  pages={w1110--w1121},
  year={2009},
  publisher={Health Affairs}
}

@article{etgar1982one,
  title={One-sided versus two-sided comparative message appeals for new brand introductions},
  author={Etgar, Michael and Goodwin, Stephen A},
  journal={Journal of Consumer Research},
  volume={8},
  number={4},
  pages={460--465},
  year={1982},
  publisher={JSTOR}
}

@Misc{fatworld,
  author = {Persuasive Games, Independent Television Service, PBS, the Corporation for Public Broadcasting},
  title = {FatWorld},
  howpublished = {Game},
  year = {2007},
  note = {Retrieved September 18, 2016 from \url{http://persuasivegames.com/game/fatworld}},
  annote = {Game URL}
}

@Misc{fda2014,
  author = {U.S. Food \& Drug Administration},
  title = {Nutritional Labeling and Education Act (NLEA) Requirements: Label Review},
  year = {2014},
  month ={11},
  day = {25},
  note = {\url{http://www.fda.gov/ICECI/Inspections/InspectionGuides/ucm074948.htm\#Servings_per_Container}},
  annote = {URL}
}

@Misc{fda2016,
  author = {U.S. Food \& Drug Administration},
  title = {Changes to the Nutrition Facts Label},
  year = {2016},
  month ={8},
  day = {3},
  note ={\url{http://www.fda.gov/Food/GuidanceRegulation/GuidanceDocumentsRegulatoryInformation/LabelingNutrition/ucm385663.htm}},
  annote ={URL}
}

@article{fogg2002persuasive,
  title={Persuasive technology: using computers to change what we think and do},
  author={Fogg, Brian J},
  journal={Ubiquity},
  volume={2002},
  number={December},
  pages={5},
  year={2002},
  publisher={ACM}
}

@article{glasgow2011engagement,
  title={Engagement in a diabetes self-management website: usage patterns and generalizability of program use},
  author={Glasgow, Russell and Christiansen, Steven M and Kurz, Deanna and King, Diane K and Woolley, Tim and Faber, Andrew J and Estabrooks, Paul A and Strycker, Lisa and Toobert, Deborah and Dickman, Jennifer},
  journal={Journal of medical Internet research},
  volume={13},
  number={1},
  pages={e9},
  year={2011},
  publisher={JMIR Publications Inc., Toronto, Canada}
}

@article{go2013aha,
  title={AHA statistical update},
  author={Go, Alan S and Mozaffarian, Dariush and Roger, V{\'e}ronique L and Benjamin, Emelia J and Berry, Jarett D and Blaha, Michael J and Dai, Shifan and Ford, Earl S and Fox, Caroline S and Franco, Sheila and others},
  journal={Circulation},
  volume={127},
  pages={e62--e245},
  year={2013},
  publisher={Am Heart Assoc}
}

@article{hinyard2006using,
  title={Using narrative communication as a tool for health behavior change: a conceptual, theoretical, and empirical overview},
  author={Hinyard, Leslie J and Kreuter, Matthew W},
  journal={Health Education \& Behavior},
  year={2006},
  publisher={Sage Publications}
}

@Misc{ific2012,
  author = {The International Food Information Council Foundation},
  title = {2012 Food \& Health Survey},
  year = {2012},
  month ={5},
  note ={\url{http://www.foodinsight.org/2012_Food_Health_Survey_Consumer_Attitudes_toward_Food_Safety_Nutrition_and_Health}},
  annote ={URL}
}

@article{forslund2005snacking,
  title={Snacking frequency in relation to energy intake and food choices in obese men and women compared to a reference population},
  author={Forslund, H Berteus and Torgerson, Jarl S and Sj{\"o}str{\"o}m, Lars and Lindroos, Anna-Karin},
  journal={International journal of obesity},
  volume={29},
  number={6},
  pages={711--719},
  year={2005},
  publisher={Nature Publishing Group}
}

@article{golden1987comparative,
  title={Comparative analysis of the relative effectiveness of one-and two-sided communication for contrasting products},
  author={Golden, Linda L and Alpert, Mark I},
  journal={Journal of Advertising},
  volume={16},
  number={1},
  pages={18--68},
  year={1987},
  publisher={Taylor \& Francis}
}

@book{zichermann2011gamification,
  title={Gamification by design: Implementing game mechanics in web and mobile apps},
  author={Zichermann, Gabe and Cunningham, Christopher},
  year={2011},
  publisher={" O'Reilly Media, Inc."}
}

@article{bachen2016presence,
  title={How do presence, flow, and character identification affect players’ empathy and interest in learning from a serious computer game?},
  author={Bachen, Christine M and Hern{\'a}ndez-Ramos, Pedro and Raphael, Chad and Waldron, Amanda},
  journal={Computers in Human Behavior},
  volume={64},
  pages={77--87},
  year={2016},
  publisher={Elsevier}
}

@article{graafland2012systematic,
  title={Systematic review of serious games for medical education and surgical skills training},
  author={Graafland, Maurits and Schraagen, Jan M and Schijven, Marlies P},
  journal={British journal of surgery},
  volume={99},
  number={10},
  pages={1322--1330},
  year={2012},
  publisher={Wiley Online Library}
}

@article{granic2014benefits,
  title={The benefits of playing video games.},
  author={Granic, Isabela and Lobel, Adam and Engels, Rutger CME},
  journal={American Psychologist},
  volume={69},
  number={1},
  pages={66},
  year={2014},
  publisher={American Psychological Association}
}

@inproceedings{grimes2007designing,
  title={Designing persuasion: Health technology for low-income African American communities},
  author={Grimes, Andrea and Grinter, Rebecca E},
  booktitle={International Conference on Persuasive Technology},
  pages={24--35},
  year={2007},
  organization={Springer}
}

@inproceedings{grimes2010let,
  title={Let's play!: mobile health games for adults},
  author={Grimes, Andrea and Kantroo, Vasudhara and Grinter, Rebecca E},
  booktitle={Proceedings of the 12th ACM international conference on Ubiquitous computing},
  pages={241--250},
  year={2010},
  organization={ACM}
}

@article{hale1995cognitive,
  title={Cognitive processing of fear-arousing message content},
  author={Hale, Jerold L and Lemieux, Robert and Mongeau, Paul A},
  journal={Communication Research},
  volume={22},
  number={4},
  pages={459--474},
  year={1995},
  publisher={Sage Publications}
}

@inproceedings{hartmann2008framing,
  title={Framing the user experience: information biases on website quality judgement},
  author={Hartmann, Jan and De Angeli, Antonella and Sutcliffe, Alistair},
  booktitle={Proceedings of the SIGCHI conference on human factors in computing systems},
  pages={855--864},
  year={2008},
  organization={ACM}
}

@inproceedings{hekler2013mind,
  title={Mind the theoretical gap: interpreting, using, and developing behavioral theory in HCI research},
  author={Hekler, Eric B and Klasnja, Predrag and Froehlich, Jon E and Buman, Matthew P},
  booktitle={Proceedings of the SIGCHI Conference on Human Factors in Computing Systems},
  pages={3307--3316},
  year={2013},
  organization={ACM}
}

@inproceedings{hicks2016framing,
  title={Framing Feedback: Choosing Review Environment Features that Support High Quality Peer Assessment},
  author={Hicks, Catherine M and Pandey, Vineet and Fraser, C Ailie and Klemmer, Scott},
  booktitle={Proceedings of the 2016 CHI Conference on Human Factors in Computing Systems},
  pages={458--469},
  year={2016},
  organization={ACM}
}

@article{horovitz2014,
  title={Americans snack differently than other nations: Which snack did you consume in the past 30 days?},
  author={Horovitz, Bruce},
  publisher = {USA Today},
  year={2014},
  note = {\url{http://www.usatoday.com/story/money/business/2014/09/29/snacking-consumer-eating-habits-nielsen/16263375/}}
}

@article{howarth2007eating,
  title={Eating patterns and dietary composition in relation to BMI in younger and older adults},
  author={Howarth, NC and Huang, T TK and Roberts, SB and Lin, BH and McCrory, MA},
  journal={International Journal of Obesity},
  volume={31},
  number={4},
  pages={675--684},
  year={2007},
  publisher={Nature Publishing Group}
}

@article{huizenga2009mobile,
  title={Mobile game-based learning in secondary education: engagement, motivation and learning in a mobile city game},
  author={Huizenga, Jantina and Admiraal, Wilfried and Akkerman, Sanne and Dam, G ten},
  journal={Journal of Computer Assisted Learning},
  volume={25},
  number={4},
  pages={332--344},
  year={2009},
  publisher={Wiley Online Library}
}

@misc{githubMA,
  author = {Hwang, Maria},
  title = {Monster Appetite},
  year = {2016},
  publisher = {GitHub},
  journal = {GitHub repository},
  howpublished = {\url{https://github.com/gyoshil/monsterappetite}}
}

@misc{mitchell2019wish,
  author = {Mitchell, E and Burgermaster, M and Heitkemper, E and Levine, M and Miao, Y and Desai, P and Hwang, M and Albers, D and Smaldone, A and Mamykina, L.},
  title = {Personalized, data-driven recommendations for diabetes self-management with GlucoGoalie},
  year = {2019},
  booktitle= {Extended Abstracts of the ACM CHI Conference on Human Factors in Computing Systems},
  journal = {WISH 2019}
}

@inproceedings{desai2019personal,
  title={Personal health oracle: Explorations of personalized predictions in diabetes self-management},
  author={Desai, Pooja M and Mitchell, Elliot G and Hwang, Maria L and Levine, Matthew E and Albers, David J and Mamykina, Lena},
  booktitle={Proceedings of the 2019 CHI Conference on Human Factors in Computing Systems},
  pages={1--13},
  year={2019}
}

@article{hwang2020meals,
  title={Let Me Help You Learn from My Meal: User-Generated Meal Photos as a Benchmark for Nutritional Estimation},
  author={In-Submission},
  journal={International Journal of Human--Computer Interaction},
  year={2020},
  publisher={Taylor \& Francis}
}



@inproceedings{hwang2016game,
  title={Game Based Teaching for Your Health: Testing a Board Game, Monster Appetite, for Classroom Implementation},
  author={Hwang, Maria L.},
  booktitle={Annual Meeting of the American Educational Research Association},
  year={2016}
}

@article{jui2011game,
  title={A game-based learning approach to improving students' learning achievements in a nutrition course},
  author={Jui-Mei, Yien and Chun-Ming, Hung and Hwang, Gwo-Jen and Yueh-Chiao, Lin},
  journal={TOJET: The Turkish Online Journal of Educational Technology},
  volume={10},
  number={2},
  year={2011},
  publisher={Sakarya University}
}

@article{kato2008video,
  title={A video game improves behavioral outcomes in adolescents and young adults with cancer: a randomized trial},
  author={Kato, Pamela M and Cole, Steve W and Bradlyn, Andrew S and Pollock, Brad H},
  journal={Pediatrics},
  volume={122},
  number={2},
  pages={e305--e317},
  year={2008},
  publisher={Am Acad Pediatrics}
}

@article{kahneman1979prospect,
  title={Prospect theory: An analysis of decision under risk},
  author={Kahneman, Daniel and Tversky, Amos},
  journal={Econometrica: Journal of the econometric society},
  volume={47},
  number={2},
  pages={263--291},
  year={1979},
  publisher={JSTOR}
}

@article{kelders2012persuasive,
  title={Persuasive system design does matter: a systematic review of adherence to web-based interventions},
  author={Kelders, Saskia M and Kok, Robin N and Ossebaard, Hans C and Van Gemert-Pijnen, Julia EWC},
  journal={Journal of medical Internet research},
  volume={14},
  number={6},
  pages={e152},
  year={2012},
  publisher={JMIR Publications Inc., Toronto, Canada}
}

@inproceedings{khaled2007fine,
  title={Fine tuning the persuasion in persuasive games},
  author={Khaled, Rilla and Barr, Pippin and Noble, James and Fischer, Ronald and Biddle, Robert},
  booktitle={International Conference on Persuasive Technology},
  pages={36--47},
  year={2007},
  organization={Springer}
}

@inproceedings{kim2010designing,
  title={Designing for persuasion: toward ambient eco-visualization for awareness},
  author={Kim, Tanyoung and Hong, Hwajung and Magerko, Brian},
  booktitle={International Conference on Persuasive Technology},
  pages={106--116},
  year={2010},
  organization={Springer}
}

@inproceedings{kim2016timeaware,
  title={TimeAware: Leveraging framing effects to enhance personal productivity},
  author={Kim, Young-Ho and Jeon, Jae Ho and Choe, Eun Kyoung and Lee, Bongshin and Kim, K and Seo, Jinwook},
  booktitle={Proceedings of the SIGCHI conference on human factors in computing systems},
  year={2016},
  pages={272--283}
}

@article{klasnja2012healthcare,
  title={Healthcare in the pocket: mapping the space of mobile-phone health interventions},
  author={Klasnja, Predrag and Pratt, Wanda},
  journal={Journal of biomedical informatics},
  volume={45},
  number={1},
  pages={184--198},
  year={2012},
  publisher={Elsevier}
}

@article{kolko1985effects,
  title={Effects of video games on the adverse corollaries of chemotherapy in pediatric oncology patients: a single-case analysis.},
  author={Kolko, David J and Rickard-Figueroa, Jorge L},
  journal={Journal of consulting and clinical psychology},
  volume={53},
  number={2},
  pages={223},
  year={1985},
  publisher={American Psychological Association}
}

@article{kozup2003making,
  title={Making healthful food choices: the influence of health claims and nutrition information on consumers' evaluations of packaged food products and restaurant menu items},
  author={Kozup, John C and Creyer, Elizabeth H and Burton, Scot},
  journal={Journal of Marketing},
  volume={67},
  number={2},
  pages={19--34},
  year={2003},
  publisher={American Marketing Association}
}
@article{krebs2015health,
  title={Health app use among US mobile phone owners: a national survey},
  author={Krebs, Paul and Duncan, Dustin T},
  journal={JMIR mHealth and uHealth},
  volume={3},
  number={4},
  year={2015},
  publisher={JMIR Publications Inc.}
}

@book{lazarus1991emotion,
  title={Emotion and adaptation. 1991},
  author={Lazarus, Richard S},
  pages={572},
  year={1991},
  address={USA},
  publisher={Oxford University Press}
}

@inproceedings{lee2011mining,
  title={Mining behavioral economics to design persuasive technology for healthy choices},
  author={Lee, Min Kyung and Kiesler, Sara and Forlizzi, Jodi},
  booktitle={Proceedings of the SIGCHI Conference on Human Factors in Computing Systems},
  pages={325--334},
  year={2011},
  organization={ACM}
}

@article{johnson2016gamification,
  title={Gamification for health and wellbeing: A systematic review of the literature},
  author={Johnson, Daniel and Deterding, Sebastian and Kuhn, Kerri-Ann and Staneva, Aleksandra and Stoyanov, Stoyan and Hides, Leanne},
  journal={Internet interventions},
  volume={6},
  pages={89--106},
  year={2016},
  publisher={Elsevier}
}

@article{papastergiou2009exploring,
  title={Exploring the potential of computer and video games for health and physical education: A literature review},
  author={Papastergiou, Marina},
  journal={Computers \& Education},
  volume={53},
  number={3},
  pages={603--622},
  year={2009},
  publisher={Elsevier}
}

@inproceedings{deterding2011game,
  title={From game design elements to gamefulness: defining" gamification"},
  author={Deterding, Sebastian and Dixon, Dan and Khaled, Rilla and Nacke, Lennart},
  booktitle={Proceedings of the 15th international academic MindTrek conference: Envisioning future media environments},
  pages={9--15},
  year={2011}
}

@inproceedings{mamykina2016learning,
  title={Learning from the crowd: Observational learning in crowdsourcing communities},
  author={Mamykina, Lena and Smyth, Thomas N and Dimond, Jill P and Gajos, Krzysztof Z},
  booktitle={Proceedings of the 2016 CHI Conference on Human Factors in Computing Systems},
  pages={2635--2644},
  year={2016},
  organization={ACM}
}

@article{levin1998all,
  title={All frames are not created equal: A typology and critical analysis of framing effects},
  author={Levin, Irwin P and Schneider, Sandra L and Gaeth, Gary J},
  journal={Organizational behavior and human decision processes},
  volume={76},
  number={2},
  pages={149--188},
  year={1998},
  publisher={Elsevier}
}

@article{chen2016scaffolding,
  title={Scaffolding individual and collaborative game-based learning in learning performance and intrinsic motivation},
  author={Chen, Ching-Huei and Law, Victor},
  journal={Computers in Human Behavior},
  volume={55},
  pages={1201--1212},
  year={2016},
  publisher={Elsevier}
}

@article{habgood2011motivating,
  title={Motivating children to learn effectively: Exploring the value of intrinsic integration in educational games},
  author={Habgood, MP Jacob and Ainsworth, Shaaron E},
  journal={The Journal of the Learning Sciences},
  volume={20},
  number={2},
  pages={169--206},
  year={2011},
  publisher={Taylor \& Francis}
}

@article{ahn2015using,
  title={Using virtual pets to promote physical activity in children: An application of the youth physical activity promotion model},
  author={Ahn, Sun Joo and Johnsen, Kyle and Robertson, Tom and Moore, James and Brown, Scott and Marable, Amanda and Basu, Aryabrata},
  journal={Journal of health communication},
  volume={20},
  number={7},
  pages={807--815},
  year={2015},
  publisher={Taylor \& Francis}
}

@article{pollak2010s,
  title={It's time to eat! Using mobile games to promote healthy eating},
  author={Pollak, John and Gay, Geri and Byrne, Sahara and Wagner, Emily and Retelny, Daniela and Humphreys, Lee},
  journal={IEEE Pervasive Computing},
  volume={9},
  number={3},
  pages={21--27},
  year={2010},
  publisher={IEEE}
}

@inproceedings{lin2006fish,
  title={Fish’n’Steps: Encouraging physical activity with an interactive computer game},
  author={Lin, James J and Mamykina, Lena and Lindtner, Silvia and Delajoux, Gregory and Strub, Henry B},
  booktitle={International conference on ubiquitous computing},
  pages={261--278},
  year={2006},
  organization={Springer}
}

@article{linville1993aids,
  title={AIDS risk perceptions and decision biases.},
  author={Linville, Patricia W and Fischer, Gregory W and Fischhoff, Baruch},
  year={1993},
  publisher={Lawrence Erlbaum Associates, Inc}
}

@Misc{lunchcrunch,
  author = {Playnormous, LLC and Health Games Research of Robert Wood Johnson Foundation},
  title = {Lunch Crunch},
  year = {2010},
  note = {\url{http://www.healthgamesresearch.org/games/lunch-crunch}},
  annote = {URL}
}

@article{kawrykow2012phylo,
  title={Phylo: a citizen science approach for improving multiple sequence alignment},
  author={Kawrykow, Alexander and Roumanis, Gary and Kam, Alfred and Kwak, Daniel and Leung, Clarence and Wu, Chu and Zarour, Eleyine and Sarmenta, Luis and Blanchette, Mathieu and Waldisp{\"u}hl, J{\'e}r{\^o}me and others},
  journal={PloS one},
  volume={7},
  number={3},
  pages={e31362},
  year={2012},
  publisher={Public Library of Science}
}

@article{malone1981toward,
  title={Toward a theory of intrinsically motivating instruction},
  author={Malone, Thomas W},
  journal={Cognitive science},
  volume={5},
  number={4},
  pages={333--369},
  year={1981},
  publisher={Elsevier}
}

@article{cooper2010predicting,
  title={Predicting protein structures with a multiplayer online game},
  author={Cooper, Seth and Khatib, Firas and Treuille, Adrien and Barbero, Janos and Lee, Jeehyung and Beenen, Michael and Leaver-Fay, Andrew and Baker, David and Popovi{\'c}, Zoran and others},
  journal={Nature},
  volume={466},
  number={7307},
  pages={756--760},
  year={2010},
  publisher={Nature Research}
}

@inproceedings{mamykina2008mahi,
  title={MAHI: investigation of social scaffolding for reflective thinking in diabetes management},
  author={Mamykina, Lena and Mynatt, Elizabeth and Davidson, Patricia and Greenblatt, Daniel},
  booktitle={Proceedings of the SIGCHI Conference on Human Factors in Computing Systems},
  pages={477--486},
  year={2008},
  organization={ACM}
}

@article{nelson1996food,
  title={Food photography II: use of food photographs for estimating portion size and the nutrient content of meals},
  author={Nelson, Michael and Atkinson, M and Darbyshire, S},
  journal={British Journal of Nutrition},
  volume={76},
  number={01},
  pages={31--49},
  year={1996},
  publisher={Cambridge Univ Press}
}

@article{mamykina2015adopting,
  title={Adopting the sensemaking perspective for chronic disease self-management},
  author={Mamykina, Lena and Smaldone, Arlene M and Bakken, Suzanne R},
  journal={Journal of biomedical informatics},
  volume={56},
  pages={406--417},
  year={2015},
  publisher={Elsevier}
}

@article{mcdonald2009overweight,
  title={Overweight is more prevalent than stunting and is associated with socioeconomic status, maternal obesity, and a snacking dietary pattern in school children from Bogota, Colombia},
  author={McDonald, Christine M and Baylin, Ana and Arsenault, Joanne E and Mora-Plazas, Mercedes and Villamor, Eduardo},
  journal={The Journal of nutrition},
  volume={139},
  number={2},
  pages={370--376},
  year={2009},
  publisher={Am Soc Nutrition}
}

@article{mcguire1961effectiveness,
  title={The effectiveness of supportive and refutational defenses in immunizing and restoring beliefs against persuasion},
  author={McGuire, William J},
  journal={Sociometry},
  volume={24},
  number={2},
  pages={184--197},
  year={1961},
  publisher={JSTOR}
}

@inproceedings{mekler2014systematic,
  title={A systematic review of quantitative studies on the enjoyment of digital entertainment games},
  author={Mekler, Elisa D and Bopp, Julia Ayumi and Tuch, Alexandre N and Opwis, Klaus},
  booktitle={Proceedings of the SIGCHI Conference on Human Factors in Computing Systems},
  pages={927--936},
  year={2014},
  organization={ACM}
}

@article{cawley2012medical,
  title={The medical care costs of obesity: an instrumental variables approach},
  author={Cawley, John and Meyerhoefer, Chad},
  journal={Journal of health economics},
  volume={31},
  number={1},
  pages={219--230},
  year={2012},
  publisher={Elsevier}
}

@article{miller2013snacking,
  title={Is snacking good or bad for health: an overview},
  author={Miller, R and Benelam, B and Stanner, SA and Buttriss, JL},
  journal={Nutrition Bulletin},
  volume={38},
  number={3},
  pages={302--322},
  year={2013},
  publisher={Wiley Online Library}
}

@inproceedings{mueller2011designing,
  title={Designing sports: a framework for exertion games},
  author={Mueller, Florian'Floyd' and Edge, Darren and Vetere, Frank and Gibbs, Martin R and Agamanolis, Stefan and Bongers, Bert and Sheridan, Jennifer G},
  booktitle={Proceedings of the SIGCHI Conference on Human Factors in Computing Systems},
  pages={2651--2660},
  year={2011},
  organization={ACM}
}

@article{nielsen2014,
    title={Snack Attack: What Consumers are Reaching for around the World},
    author={The Nielsen Company},
    year={2014},
    publisher={The Nielsen Company},
    note = {\url{http://www.nielsen.com/content/dam/nielsenglobal/kr/docs/global-report/2014/Nielsen\%20Global\%20Snacking\%20Report\%20September\%202014.pdf}}
}

@article{nunes2015self,
  title={Self-care technologies in HCI: Trends, tensions, and opportunities},
  author={Nunes, Francisco and Verdezoto, Nervo and Fitzpatrick, Geraldine and Kyng, Morten and Gr{\"o}nvall, Erik and Storni, Cristiano},
  journal={ACM Transactions on Computer-Human Interaction (TOCHI)},
  volume={22},
  number={6},
  pages={33},
  year={2015},
  publisher={ACM}
}

@article{o2000evaluation,
  title={Evaluation of a manual wheelchair interface to computer games},
  author={O'Connor, Thomas J and Cooper, Rory A and Fitzgerald, Shirley G and Dvorznak, Michael J and Boninger, Michael L and VanSickle, David P and Glass, Lisa},
  journal={Neurorehabilitation and Neural Repair},
  volume={14},
  number={1},
  pages={21--31},
  year={2000},
  publisher={SAGE Publications}
}

@article{ofir1997does,
  title={Does a surprising outcome reinforce or reverse the hindsight bias?},
  author={Ofir, Chezy and Mazursky, David},
  journal={Organizational Behavior and Human Decision Processes},
  volume={69},
  number={1},
  pages={51--57},
  year={1997},
  publisher={Elsevier}
}

@InBook{o2013sage,
  title={The Sage handbook of persuasion: Developments in theory and practice},
  chapter={The elaboration likelihood model},
  author={O'Keefe, DJ and Dillard, JP and Shen, L},
  pages={137--149},
  year={2013},
  edition={2nd},
  address={USA},
  publisher={Sage}
}

@article{orji2013lunchtime,
  title={LunchTime: a slow-casual game for long-term dietary behavior change},
  author={Orji, Rita and Vassileva, Julita and Mandryk, Regan L},
  journal={Personal and Ubiquitous Computing},
  volume={17},
  number={6},
  pages={1211--1221},
  year={2013},
  publisher={Springer}
}

@inproceedings{orji2013tailoring,
  title={Tailoring persuasive health games to gamer type},
  author={Orji, Rita and Mandryk, Regan L and Vassileva, Julita and Gerling, Kathrin M},
  booktitle={Proceedings of the SIGCHI Conference on Human Factors in Computing Systems},
  pages={2467--2476},
  year={2013},
  organization={ACM}
}

@Misc{parker2015,
    title={Health Games Research: Advancing Effectiveness of Interactive Games for Health: An RWJF National Program},
    author={Parker, S.G.},
    organization={Robert Wood Johnson Foundation},
    month={9},
    day={18},
    year={2015},
    note = {\url{http://www.rwjf.org/en/library/research/2011/03/advancing-the-field-of-health-games.html}},
    annote = {URL}
}

@article{pavey2014promoting,
  title={Promoting the avoidance of high-calorie snacks: priming autonomy moderates message framing effects},
  author={Pavey, Louisa and Churchill, Sue},
  journal={PloS one},
  volume={9},
  number={7},
  pages={e103892},
  year={2014},
  publisher={Public Library of Science}
}

@incollection{petty1986elaboration,
  title={The elaboration likelihood model of persuasion},
  author={Petty, Richard E and Cacioppo, John T},
  booktitle={Communication and persuasion},
  pages={1--24},
  year={1986},
  publisher={Springer}
}

@article{pfau1995designing,
  title={Designing messages for behavioral inoculation.},
  author={Pfau, Michael},
  journal={Communication Research},
  volume={22},
  number={4},
  pages={485--505},
  year={1995},
  publisher={Sage Publications, Inc}
}

@inproceedings{poole2011place,
  title={The place for ubiquitous computing in schools: lessons learned from a school-based intervention for youth physical activity},
  author={Poole, Erika Shehan and Miller, Andrew D and Xu, Yan and Eiriksdottir, Elsa and Catrambone, Richard and Mynatt, Elizabeth D},
  booktitle={Proceedings of the 13th international conference on Ubiquitous computing},
  pages={395--404},
  year={2011},
  organization={ACM}
}

@article{prochaska2004randomized,
  title={A randomized controlled trial of single versus multiple health behavior change: promoting physical activity and nutrition among adolescents.},
  author={Prochaska, Judith J and Sallis, James F},
  journal={Health Psychology},
  volume={23},
  number={3},
  pages={314},
  year={2004},
  publisher={American Psychological Association}
}

@inproceedings{purpura2011fit4life,
  title={Fit4life: the design of a persuasive technology promoting healthy behavior and ideal weight},
  author={Purpura, Stephen and Schwanda, Victoria and Williams, Kaiton and Stubler, William and Sengers, Phoebe},
  booktitle={Proceedings of the SIGCHI Conference on Human Factors in Computing Systems},
  pages={423--432},
  year={2011},
  organization={ACM}
}

@article{redd1987cognitive,
  title={Cognitive/attentional distraction in the control of conditioned nausea in pediatric cancer patients receiving chemotherapy.},
  author={Redd, William H and Jacobsen, Paul B and Die-Trill, Maria and Dermatis, Helen and McEvoy, Maureen and Holland, Jimmie C},
  journal={Journal of consulting and clinical psychology},
  volume={55},
  number={3},
  pages={391},
  year={1987},
  publisher={American Psychological Association}
}

@inproceedings{reitberger2014nutriflect,
  title={Nutriflect: reflecting collective shopping behavior and nutrition},
  author={Reitberger, Wolfgang H and Spreicer, Wolfgang and Fitzpatrick, Geraldine},
  booktitle={Proceedings of the 32nd annual ACM CHI Conference on Human factors in computing systems},
  pages={3309--3318},
  year={2014},
  organization={ACM}
}

@article{riis2012product,
  title={Product-Level and Segment-Level Differences in the Effectiveness of a Longitudinal Labeling and Choice Architecture Intervention At a Large Hospital Cafeteria},
  author={Riis, Jason and Barraclough, Susan and Levy, Doug and Sonnenberg, Lillian and Thorndike, Anne},
  volume={40},
  pages={298--302},
  journal={NA-Advances in Consumer Research Volume 40},
  year={2012}
}

@article{rimer2006advancing,
  title={Advancing tailored health communication: A persuasion and message effects perspective},
  author={Rimer, Barbara K and Kreuter, Matthew W},
  journal={Journal of Communication},
  volume={56},
  number={s1},
  pages={S184--S201},
  year={2006},
  publisher={Wiley Online Library}
}

@inproceedings{bomfim2018pirate,
  title={Pirate Bri's Grocery Adventure: Teaching Food Literacy through Shopping},
  author={Bomfim, Marcela CC and Wallace, James R},
  booktitle={Extended Abstracts of the 2018 CHI Conference on Human Factors in Computing Systems},
  pages={1--6},
  year={2018}
}

@book{ritterfeld2009serious,
  title={Serious games: Mechanisms and effects},
  author={Ritterfeld, Ute and Cody, Michael and Vorderer, Peter},
  year={2009},
  publisher={Routledge}
}

@inproceedings{amato2017social,
  title={Social media image recognition for food trend analysis},
  author={Amato, Giuseppe and Bolettieri, Paolo and Monteiro de Lira, Vinicius and Muntean, Cristina Ioana and Perego, Raffaele and Renso, Chiara},
  booktitle={Proceedings of the 40th international ACM SIGIR conference on research and development in information retrieval},
  pages={1333--1336},
  year={2017}
}

@article{bevelander2013role,
  title={The role of explicit and implicit self-esteem in peer modeling of palatable food intake: A study on social media interaction among youngsters},
  author={Bevelander, Kirsten E and Ansch{\"u}tz, Doeschka J and Creemers, Daan HM and Kleinjan, Marloes and Engels, Rutger CME},
  journal={PLoS One},
  volume={8},
  number={8},
  pages={e72481},
  year={2013},
  publisher={Public Library of Science}
}

@article{young2011social,
  title={Social ties, social networks and the Facebook experience.},
  author={Young, Kirsty},
  journal={International Journal of Emerging Technologies \& Society},
  volume={9},
  number={1},
  year={2011}
}

@article{wang2007social,
  title={Social computing: From social informatics to social intelligence},
  author={Wang, Fei-Yue and Carley, Kathleen M and Zeng, Daniel and Mao, Wenji},
  journal={IEEE Intelligent systems},
  volume={22},
  number={2},
  pages={79--83},
  year={2007},
  publisher={IEEE}
}

@article{cruwys2015social,
  title={Social modeling of eating: A review of when and why social influence affects food intake and choice},
  author={Cruwys, Tegan and Bevelander, Kirsten E and Hermans, Roel CJ},
  journal={Appetite},
  volume={86},
  pages={3--18},
  year={2015},
  publisher={Elsevier}
}

@article{bulut2014governance,
  title={Governance through philitainment: Playing the benevolent subject},
  author={Bulut, Ergin and Mejia, Robert and McCarthy, Cameron},
  journal={Communication and Critical/Cultural Studies},
  volume={11},
  number={4},
  pages={342--361},
  year={2014},
  publisher={Routledge}
}

@article{blascovich2014challenge,
  title={Challenge, threat, and social influence in digital immersive virtual environments},
  author={Blascovich, Jim},
  journal={Social Emotions in Nature and Artefact. Oxford University Press, New York},
  pages={44--54},
  year={2014}
}

@inproceedings{ming2018food,
  title={Food photo recognition for dietary tracking: System and experiment},
  author={Ming, Zhao-Yan and Chen, Jingjing and Cao, Yu and Forde, Ciar{\'a}n and Ngo, Chong-Wah and Chua, Tat Seng},
  booktitle={International Conference on Multimedia Modeling},
  pages={129--141},
  year={2018},
  organization={Springer}
}

@article{pimmer2016mobile,
  title={Mobile and ubiquitous learning in higher education settings. A systematic review of empirical studies},
  author={Pimmer, Christoph and Mateescu, Magdalena and Gr{\"o}hbiel, Urs},
  journal={Computers in human behavior},
  volume={63},
  pages={490--501},
  year={2016},
  publisher={Elsevier}
}

@article{aljawarneh2020reviewing,
  title={Reviewing and exploring innovative ubiquitous learning tools in higher education},
  author={Aljawarneh, Shadi A},
  journal={Journal of computing in higher education},
  volume={32},
  number={1},
  pages={57--73},
  year={2020},
  publisher={Springer}
}

@article{joseph2020volatility,
  title={Volatility of Digital Technology Enabled Learning through Social Media: Educators" Apprehensions},
  author={Joseph, Genimon V and Thomas, Kennedy Andrew},
  journal={Test Engineering and Management},
  volume={82},
  pages={5832--5839},
  year={2020}
}





@article{cardenas2018ubiquitous,
  title={Ubiquitous learning: A systematic review},
  author={C{\'a}rdenas-Robledo, Leonor Adriana and Pe{\~n}a-Ayala, Alejandro},
  journal={Telematics and Informatics},
  volume={35},
  number={5},
  pages={1097--1132},
  year={2018},
  publisher={Elsevier}
}

@article{kumar2018false,
  title={False information on web and social media: A survey},
  author={Kumar, Srijan and Shah, Neil},
  journal={arXiv preprint arXiv:1804.08559},
  year={2018}
}

@misc{pew2012,
  author = {Fox, Susannah and Duggan, Maeve},
  title = {Mobile Health 2012},
  year = {2012},
  publisher = {Pew Research Center: Internet \& Technology},
  howpublished = {\url{http://www.pewinternet.org/2012/11/08/mobile-health-2012/}}
}

@misc{unhdi,
    author = {Human Development Reports},
    title ={Human Development Index (HDI)},
    publisher = {UNITED NATIONS DEVELOPMENT PROGRAMME},
     howpublished = {\url{http://hdr.undp.org/en/content/human-development-index-hdi}}
}


@inproceedings{luo2019co,
  title={Co-Designing food trackers with dietitians: Identifying design opportunities for food tracker customization},
  author={Luo, Yuhan and Liu, Peiyi and Choe, Eun Kyoung},
  booktitle={Proceedings of the 2019 CHI Conference on Human Factors in Computing Systems},
  pages={1--13},
  year={2019}
}

@inproceedings{sharma2015measuring,
  title={Measuring and characterizing nutritional information of food and ingestion content in instagram},
  author={Sharma, Sanket S and De Choudhury, Munmun},
  booktitle={Proceedings of the 24th International Conference on World Wide Web},
  pages={115--116},
  year={2015}
}

@article{byrne2012caring,
  title={Caring for mobile phone-based virtual pets can influence youth eating behaviors},
  author={Byrne, Sahara and Gay, Geri and Pollack, JP and Gonzales, Amy and Retelny, Daniela and Lee, Theodore and Wansink, Brian},
  journal={Journal of Children and Media},
  volume={6},
  number={1},
  pages={83--99},
  year={2012},
  publisher={Taylor \& Francis}
}

@inproceedings{lin2017exploring,
  title={Exploring affection-oriented virtual pet game design strategies in VR attachment, motivations and expectations of users of pet games},
  author={Lin, Chaolan and Faas, Travis and Brady, Erin},
  booktitle={2017 Seventh International Conference on Affective Computing and Intelligent Interaction (ACII)},
  pages={362--369},
  year={2017},
  organization={IEEE}
}

@article{chesney2007illusion,
  title={The illusion of love: Does a virtual pet provide the same companionship as a real one?},
  author={Chesney, Thomas and Lawson, Shaun},
  journal={Interaction Studies},
  volume={8},
  number={2},
  pages={337--342},
  year={2007},
  publisher={John Benjamins}
}

@article{hosey2014human,
  title={Human-animal interactions, relationships and bonds: A review and analysis of the literature.},
  author={Hosey, Geoff and Melfi, Vicky},
  journal={International Journal of Comparative Psychology},
  year={2014},
  publisher={International Society for Comparative Psychology}
}

@article{french2019nutrition,
  title={Nutrition quality of food purchases varies by household income: the SHoPPER study},
  author={French, Simone A and Tangney, Christy C and Crane, Melissa M and Wang, Yamin and Appelhans, Bradley M},
  journal={BMC public health},
  volume={19},
  number={1},
  pages={231},
  year={2019},
  publisher={Springer}
}


@article{peng2018feast,
  title={Feast for the Eyes: Effects of Food Perceptions and Computer Vision Features on Food Photo Popularity.},
  author={Peng, Yilang and JEMMOTT III, JOHN B},
  journal={International Journal of Communication (19328036)},
  volume={12},
  year={2018}
}

@inproceedings{sahoo2019foodai,
  title={FoodAI: Food image recognition via deep learning for smart food logging},
  author={Sahoo, Doyen and Hao, Wang and Ke, Shu and Xiongwei, Wu and Le, Hung and Achananuparp, Palakorn and Lim, Ee-Peng and Hoi, Steven CH},
  booktitle={Proceedings of the 25th ACM SIGKDD International Conference on Knowledge Discovery \& Data Mining},
  pages={2260--2268},
  year={2019}
}

@article{rothman1999treating,
  title={Treating people with information: an analysis and review of approaches to communicating health risk information},
  author={Rothman, Alex and Kiviniemi, Marc T},
  journal={Journal of the National Cancer Institute Monographs},
  volume={25},
  pages={44--51},
  year={1999}
}

@article{rothman1999systematic,
  title={The systematic influence of gain-and loss-framed messages on interest in and use of different types of health behavior},
  author={Rothman, Alexander J and Martino, Steven C and Bedell, Brian T and Detweiler, Jerusha B and Salovey, Peter},
  journal={Personality and Social Psychology Bulletin},
  volume={25},
  number={11},
  pages={1355--1369},
  year={1999},
  publisher={Sage Publications}
}

@article{rozin2001negativity,
  title={Negativity bias, negativity dominance, and contagion},
  author={Rozin, Paul and Royzman, Edward B},
  journal={Personality and social psychology review},
  volume={5},
  number={4},
  pages={296--320},
  year={2001},
  publisher={Sage Publications}
}

@article{salovey2002message,
  title={Message framing in the prevention and early detection of illness},
  author={Salovey, Peter and Schneider, Tamara R and Apanovitch, Anne Marie},
  journal={The persuasion handbook: Developments in theory and practice},
  pages={391--406},
  year={2002}
}

@Misc{sanger-katz2015,
  author = {Sanger-Katz, Margot},
  publisher = {New York Times},
  title = {The Decline of 'Big Soda': The drop in soda consumption represents the single largest change in the American diet in the last decade.},
  year = {2015},
  month = {10},
  day = {2},
  note = {\url{http://www.nytimes.com/2015/10/04/upshot/soda-industry-struggles-as-consumer-tastes-change.html?_r=0}},
  annote = {URL}
}

@inproceedings{schneider2016understanding,
  title={Understanding the Mechanics of Persuasive System Design: A Mixed-Method Theory-driven Analysis of Freeletics},
  author={Schneider, Hanna and Moser, Kilian and Butz, Andreas and Alt, Florian},
  booktitle={Proceedings of the 2016 CHI Conference on Human Factors in Computing Systems},
  pages={309--320},
  year={2016},
  organization={ACM}
}

@article{schoeller1990inaccuracies,
  title={Inaccuracies in self-reported intake identified by comparison with the doubly labelled water method},
  author={Schoeller, Dale A and Bandini, Linda G and Dietz, William H},
  journal={Canadian journal of physiology and pharmacology},
  volume={68},
  number={7},
  pages={941--949},
  year={1990},
  publisher={NRC Research Press}
}

@article{sebastian2012change,
  title={Change in methodology for collection of drinking water intake in What We Eat in America/National Health and Nutrition Examination Survey: implications for analysis},
  author={Sebastian, Rhonda S and Enns, Cecilia Wilkinson and Goldman, Joseph D and Moshfegh, Alanna J},
  journal={Public health nutrition},
  volume={15},
  number={07},
  pages={1190--1195},
  year={2012},
  publisher={Cambridge Univ Press}
}

@article{shen2009message,
  title={Message frames interact with motivational systems to determine depth of message processing},
  author={Shen, Lijiang and Dillard, James Price},
  journal={Health communication},
  volume={24},
  number={6},
  pages={504--514},
  year={2009},
  publisher={Taylor \& Francis}
}

@article{silk2008increasing,
  title={Increasing nutrition literacy: testing the effectiveness of print, web site, and game modalities},
  author={Silk, Kami J and Sherry, John and Winn, Brian and Keesecker, Nicole and Horodynski, Mildred A and Sayir, Aylin},
  journal={Journal of nutrition education and behavior},
  volume={40},
  number={1},
  pages={3--10},
  year={2008},
  publisher={Elsevier}
}

@article{slater2002effects,
  title={Effects of threatening visuals and announcer differences on responses to televised alcohol warnings},
  author={Slater, Michael and Karan, David and Rouner, Donna and Walters, Denise},
  journal={Journal of Applied Communication Research},
  volume={30},
  number={1},
  pages={27--49},
  year={2002},
  publisher={Taylor \& Francis}
}

@book{smith2014social,
  title={Social psychology},
  author={Smith, Eliot R and Mackie, Diane M and Claypool, Heather M},
  year={2015},
  address={USA},
  edition={4th},
  pages={705},
  publisher={Psychology Press}
}

@article{sonnenberg2013traffic,
  title={A traffic light food labeling intervention increases consumer awareness of health and healthy choices at the point-of-purchase},
  author={Sonnenberg, Lillian and Gelsomin, Emily and Levy, Douglas E and Riis, Jason and Barraclough, Susan and Thorndike, Anne N},
  journal={Preventive medicine},
  volume={57},
  number={4},
  pages={253--257},
  year={2013},
  publisher={Elsevier}
}

@article{strecher2005randomized,
  title={Randomized controlled trial of a web-based computer-tailored smoking cessation program as a supplement to nicotine patch therapy},
  author={Strecher, Victor J and Shiffman, Saul and West, Robert},
  journal={Addiction},
  volume={100},
  number={5},
  pages={682--688},
  year={2005},
  publisher={Wiley Online Library}
}

@article{szer1983video,
  title={Video games as physiotherapy.},
  author={Szer, J},
  journal={The Medical journal of Australia},
  volume={1},
  number={9},
  pages={401--402},
  year={1983}
}

@Misc{taylor2016,
  author = {Taylor, Kate and Brodwin, Erin},
  publisher = {Business Insider},
  title = {The UK just announced a tax on sugar - and it's scary news for Coca-Cola and Pepsi},
  year = {2016},
  month = {3},
  day = {16},
  note = {\url{http://www.businessinsider.com/new-sugar-tax-alarm-soda-giants-2016-1}},
  annote = {URL}
}

@Misc{teicholz2014,
  author = {Nina Teicholz},
  publisher = {Wall Street Journal},
  title = {The Questionable Link Between Saturated Fat and Heart Disease: Are butter, cheese and steak really bad for you? The dubious science behind the anti-fat crusade},
  year = {2014},
  month = {5},
  day = {6},
  note = {\url{http://www.wsj.com/articles/SB10001424052702303678404579533760760481486}},
  annote = {URL}
}

@article{thompson2008serious,
  title={Serious video games for health: how behavioral science guided the design of a game on diabetes and obesity},
  author={Thompson, Debbe and Baranowski, Tom and Buday, Richard and Baranowski, Janice and Thompson, Victoria and Jago, Russell and Griffith, Melissa Juliano},
  journal={Simulation \& gaming},
  year={2008},
  publisher={SAGE Publications}
}

@book{kindig2004health,
  title={Health literacy: a prescription to end confusion},
  author={Kindig, David A and Panzer, Allison M and Nielsen-Bohlman, Lynn and others},
  year={2004},
  publisher={National Academies Press}
}

@inproceedings{toscos2006chick,
  title={Chick clique: persuasive technology to motivate teenage girls to exercise},
  author={Toscos, Tammy and Faber, Anne and An, Shunying and Gandhi, Mona Praful},
  booktitle={CHI'06 extended abstracts on Human factors in computing systems},
  pages={1873--1878},
  year={2006},
  organization={ACM}
}

@article{hales2020prevalence,
  title={Prevalence of obesity and severe obesity among adults: United States, 2017--2018},
  author={Hales, Craig M and Carroll, Margaret D and Fryar, Cheryl D and Ogden, Cynthia L},
  booktitle={National Center for Health Statistics Data Brief},
  organization={Centers for Disease Control and Prevention},
  note=         {\url{https://stacks.cdc.gov/view/cdc/85451}},
  annote={URL},
  year={2020}
}

@Misc{trustforamericashealth,
  author =       {Trust for America's Health},
  title =        {Obesity Rates \& Trends Overview},
  year =         2016,
  month =        09,
  note =         {\url{http://stateofobesity.org/obesity-rates-trends-overview/}},
  annote =       {URL}
}

@article{wakefield2010use,
  title={Use of mass media campaigns to change health behaviour},
  author={Wakefield, Melanie A and Loken, Barbara and Hornik, Robert C},
  journal={The Lancet},
  volume={376},
  number={9748},
  pages={1261--1271},
  year={2010},
  publisher={Elsevier}
}

@article{sheard2004dietary,
  title={Dietary carbohydrate (amount and type) in the prevention and management of diabetes},
  author={Sheard, Nancy F and Clark, Nathaniel G and Brand-Miller, Janette C and Franz, Marion J and Pi-Sunyer, F Xavier and Mayer-Davis, Elizabeth and Kulkarni, Karmeen and Geil, Patti},
  journal={Diabetes care},
  volume={27},
  number={9},
  pages={2266--2271},
  year={2004},
  publisher={Am Diabetes Assoc}
}

@article{wansink2007mindless,
  title={Mindless eating the 200 daily food decisions we overlook},
  author={Wansink, Brian and Sobal, Jeffery},
  journal={Environment and Behavior},
  volume={39},
  number={1},
  pages={106--123},
  year={2007},
  publisher={Sage Publications}
}

@article{wansink2004environmental,
  title={Environmental factors that increase the food intake and consumption volume of unknowing consumers*},
  author={Wansink, Brian},
  journal={Annu. Rev. Nutr.},
  volume={24},
  pages={455--479},
  year={2004},
  publisher={Annual Reviews}
}
  
@article{webb2006does,
  title={Does changing behavioral intentions engender behavior change? A meta-analysis of the experimental evidence.},
  author={Webb, Thomas L and Sheeran, Paschal},
  journal={Psychological bulletin},
  volume={132},
  number={2},
  pages={249},
  year={2006},
  publisher={American Psychological Association}
}

@article{webb2010using,
  title={Using the internet to promote health behavior change: a systematic review and meta-analysis of the impact of theoretical basis, use of behavior change techniques, and mode of delivery on efficacy},
  author={Webb, Thomas and Joseph, Judith and Yardley, Lucy and Michie, Susan},
  journal={Journal of medical Internet research},
  volume={12},
  number={1},
  pages={e4},
  year={2010},
  publisher={JMIR Publications Inc., Toronto, Canada}
}

@article{wilson1988compliance,
  title={Compliance to health recommendations: A theoretical overview of message framing},
  author={Wilson, Dawn K and Purdon, Scot E and Wallston, Kenneth A},
  journal={Health Education Research},
  volume={3},
  number={2},
  pages={161--171},
  year={1988},
  publisher={Oxford Univ Press}
}


@article{zepeda2008think,
  title={Think before you eat: photographic food diaries as intervention tools to change dietary decision making and attitudes},
  author={Zepeda, Lydia and Deal, David},
  journal={International Journal of Consumer Studies},
  volume={32},
  number={6},
  pages={692--698},
  year={2008},
  publisher={Wiley Online Library}
}

@article{zinczenko2008eat,
      title={Eat this, not that},
      author={Zinczenko, David and Goulding, Matt},
      journal={Thousands of simple swaps that can save you},
      volume={10},
      pages={20--30},
      year={2008}
}
%%%%%%%%%%%%% MINE ENDS HERE %%%%%%%%%%%%%%%%%%%%%%%%%%%%%%%
%%%%%%%%%%%%%%%%%%%%%%%%%%%%%%%%%%%%%%%%%%%%%%%%%%%%%%%%%%%%%%
%%%%%%%%%%%%%%%%%%%%%%%%%%%%%%%%%%%%%%%%%%%%%%%%%%%%%%%%%%%%%%
%%%%%%%%%%%%%%%%%%%%%%%%%%%%%%%%%%%%%%%%%%%%%%%%%%%%%%%%%%%%%%
%%%%%%%%%%%%%%%%%%%%%%%%%%%%%%%%%%%%%%%%%%%%%%%%%%%%%%%%%%%%%%




















@article{chamberlain2011fear,
	title={The fear factor: Students' experiences of test anxiety when taking A-level examinations},
    	author={Chamberlain, Suzanne and Daly, Anthony Leslie and Spalding, Victoria},
        journal={Pastoral Care in Education},
        volume={29},
        number={3},
        pages={193--205},
        year={2011},
        publisher={Taylor \& Francis}
}

@article{lewis2016pisa,
  title={PISA for schools: Topological rationality and new spaces of the OECD’s global educational governance},
  author={Lewis, Steven and Sellar, Sam and Lingard, Bob},
  journal={Comparative Education Review},
  volume={60},
  number={1},
  pages={27--57},
  year={2016},
  publisher={University of Chicago Press Chicago, IL}
}

@article{joseph2016rawlsian,
  title={Rawlsian fairness for machine learning},
  author={Joseph, Matthew and Kearns, Michael and Morgenstern, Jamie and Neel, Seth and Roth, Aaron},
  journal={arXiv preprint arXiv:1610.09559},
  volume={1},
  number={2},
  year={2016}
}

@inproceedings{xhakaj2017effects,
  title={Effects of a teacher dashboard for an intelligent tutoring system on teacher knowledge, lesson planning, lessons and student learning},
  author={Xhakaj, Fran{\c{c}}eska and Aleven, Vincent and McLaren, Bruce M},
  booktitle={European Conference on Technology Enhanced Learning},
  pages={315--329},
  year={2017},
  organization={Springer}
}

@article{binns2017fairness,
  title={Fairness in machine learning: Lessons from political philosophy},
  author={Binns, Reuben},
  journal={arXiv preprint arXiv:1712.03586},
  year={2017}
}


@article{baileytriviaprep,
  title={TriviaPrep: Inside the Research, Design, Development, and Implementation of an Educational Competitive-Trivia Mobile Application.},
  author={Bailey, Sean D},
  journal={The 38th Annual Convention of the Association for Educational Communications and Technology Proceedings (AECT)},
  pages={206},
  publisher={ERIC}
}

@inproceedings{sanz2017automatic,
  title={Automatic group formation in a MOOC based on students' activity criteria},
  author={Sanz-Mart{\'\i}nez, Luisa and Mart{\'\i}nez-Mon{\'e}s, Alejandra and Bote-Lorenzo, Miguel L and Munoz-Crist{\'o}bal, Juan A and Dimitriadis, Yannis},
  booktitle={European Conference on Technology Enhanced Learning},
  pages={179--193},
  year={2017},
  organization={Springer}
}

@article{hoover_2018, title={An Ultra-Selective University Just Dropped the ACT/SAT. So What?}, url={https://www.chronicle.com/article/An-Ultra-Selective-University/243678}, journal={The Chronicle of Higher Education}, publisher={The Chronicle of Higher Education}, author={Hoover, Eric}, year={2018}, month={Jun}}

@article{strauss_2019, title={Is it finally time to get rid of the SAT and ACT college admissions tests?}, url={https://www.washingtonpost.com/education/2019/03/19/is-it-finally-time-get-rid-sat-act-college-admissions-tests/?noredirect=on&utm_term=.5e4b81f29058}, journal={The Washington Post}, publisher={The Washington Post}, author={Strauss, Valerie}, year={2019}, month={Mar}}

@article{ruiperez2015alas,
  title={ALAS-KA: A learning analytics extension for better understanding the learning process in the Khan Academy platform},
  author={Ruip{\'e}rez-Valiente, Jos{\'e} A and Mu{\~n}oz-Merino, Pedro J and Leony, Derick and Kloos, Carlos Delgado},
  journal={Computers in Human Behavior},
  volume={47},
  pages={139--148},
  year={2015},
  publisher={Elsevier}
}

@article{pantelopoulos2010survey,
  title={A survey on wearable sensor-based systems for health monitoring and prognosis},
  author={Pantelopoulos, Alexandros and Bourbakis, Nikolaos G},
  journal={IEEE Transactions on Systems, Man, and Cybernetics, Part C (Applications and Reviews)},
  volume={40},
  number={1},
  pages={1--12},
  year={2010},
  publisher={IEEE}
}

@phdthesis{saquib2016sensei,
  title={Sensei: sensing educational interaction},
  author={Saquib, Nazmus and others},
  year={2016},
  school={Massachusetts Institute of Technology}
}

@article{saquib2018sensei,
  title={Sensei: Sensing Educational Interaction},
  author={Saquib, Nazmus and Bose, Ayesha and George, Dwyane and Kamvar, Sepandar},
  journal={Proceedings of the ACM on Interactive, Mobile, Wearable and Ubiquitous Technologies},
  volume={1},
  number={4},
  pages={161},
  year={2018},
  publisher={ACM}
}

@article{lingard2017placing,
  title={Placing PISA and PISA for schools in two federalisms, Australia and the USA},
  author={Lingard, Bob and Lewis, Steven},
  journal={Critical Studies in Education},
  volume={58},
  number={3},
  pages={266--279},
  year={2017},
  publisher={Taylor \& Francis}
}

@article{engel2015competitive,
  title={Competitive comparison and PISA bragging rights: sub-national uses of the OECD's PISA in Canada and the USA},
  author={Engel, Laura C and Frizzell, Matthew O},
  journal={Discourse: Studies in the Cultural Politics of Education},
  volume={36},
  number={5},
  pages={665--682},
  year={2015},
  publisher={Taylor \& Francis}
}

@article{chapell2005test,
  title={Test anxiety and academic performance in undergraduate and graduate students.},
  author={Chapell, Mark S and Blanding, Z Benjamin and Silverstein, Michael E and Takahashi, Masami and Newman, Brian and Gubi, Aaron and McCann, Nicole},
  journal={Journal of educational Psychology},
  volume={97},
  number={2},
  pages={268},
  year={2005},
  publisher={American Psychological Association}
}

@article{lewis2017tracking,
  title={Tracking the topological: The effects of standardised data upon teachers’ practice},
  author={Lewis, Steven and Hardy, Ian},
  journal={British Journal of Educational Studies},
  volume={65},
  number={2},
  pages={219--238},
  year={2017},
  publisher={Taylor \& Francis}
}

@article{thompson2017computer,
  title={Computer adaptive testing, big data and algorithmic approaches to education},
  author={Thompson, Greg},
  journal={British journal of sociology of education},
  volume={38},
  number={6},
  pages={827--840},
  year={2017},
  publisher={Taylor \& Francis}
}

@inproceedings{alyuz2016semi,
  title={Semi-supervised model personalization for improved detection of learner's emotional engagement},
  author={Alyuz, Nese and Okur, Eda and Oktay, Ece and Genc, Utku and Aslan, Sinem and Mete, Sinem Emine and Arnrich, Bert and Esme, Asli Arslan},
  booktitle={Proceedings of the 18th ACM International Conference on Multimodal Interaction},
  pages={100--107},
  year={2016},
  organization={ACM}
}

@inproceedings{okur2018role,
  title={Role of Socio-cultural Differences in Labeling Students' Affective States},
  author={Okur, Eda and Aslan, Sinem and Alyuz, Nese and Esme, Asli Arslan and Baker, Ryan S},
  booktitle={International Conference on Artificial Intelligence in Education},
  pages={367--380},
  year={2018},
  organization={Springer}
}

@inproceedings{aslan2019investigating,
  title={Investigating the Impact of a Real-time, Multimodal Student Engagement Analytics Technology in Authentic Classrooms},
  author={Aslan, Sinem and Alyuz, Nese and Tanriover, Cagri and Mete, Sinem E and Okur, Eda and D'Mello, Sidney K and Arslan Esme, Asli},
  booktitle={Proceedings of the 2019 CHI Conference on Human Factors in Computing Systems},
  pages={304},
  year={2019},
  organization={ACM}
}

@article{okur2019importance,
  title={The Importance of Socio-Cultural Differences for Annotating and Detecting the Affective States of Students},
  author={Okur, Eda and Aslan, Sinem and Alyuz, Nese and Esme, Asli Arslan and Baker, Ryan S},
  journal={arXiv preprint arXiv:1901.03793},
  year={2019}
}

@inproceedings{alyuz2017unobtrusive,
  title={An unobtrusive and multimodal approach for behavioral engagement detection of students},
  author={Alyuz, Nese and Okur, Eda and Genc, Utku and Aslan, Sinem and Tanriover, Cagri and Esme, Asli Arslan},
  booktitle={Proceedings of the 1st ACM SIGCHI International Workshop on Multimodal Interaction for Education},
  pages={26--32},
  year={2017},
  organization={ACM}
}

@article{nafus2014big,
  title={Big data, big questions| this one does not go up to 11: the quantified self movement as an alternative big data practice},
  author={Nafus, Dawn and Sherman, Jamie},
  journal={International journal of communication},
  volume={8},
  pages={11},
  year={2014}
}

@article{crowston2011capability,
  title={A capability maturity model for scientific data management: Evidence from the literature},
  author={Crowston, Kevin and Qin, Jian},
  journal={Proceedings of the American Society for Information Science and Technology},
  volume={48},
  number={1},
  pages={1--9},
  year={2011},
  publisher={Wiley Online Library}
}

@book{pryor2012managing,
  title={Managing research data},
  author={Pryor, Graham},
  year={2012},
  publisher={Facet Publishing}
}

@article{hembree1988correlates,
  title={Correlates, causes, effects, and treatment of test anxiety},
  author={Hembree, Ray},
  journal={Review of educational research},
  volume={58},
  number={1},
  pages={47--77},
  year={1988},
  publisher={Sage Publications Sage CA: Thousand Oaks, CA}
}

@article{putwain2016sink,
  title={'Sink or swim': buoyancy and coping in the cognitive test anxiety--academic performance relationship},
  author={Putwain, David W and Daly, Anthony L and Chamberlain, Suzanne and Sadreddini, Shireen},
  journal={Educational Psychology},
  volume={36},
  number={10},
  pages={1807--1825},
  year={2016},
  publisher={Taylor \& Francis}
}

@article{brooks2015,
	title={Development of the Test and Examination Anxiety Measure (TEAM).},
    author={Brooks, Byron D. and Alshafei, Dania and Taylor, Lloyd A.},
    journal={Psi Chi Journal of Psychological Research},
    volume={20},
    number={1},
    pages={2 - 10},
    year={2015}
}

@inproceedings{QuHSSH18,
  author    = {Xiaodong Qu and
               Mercedes Hall and
               Yile Sun and
               Robert Sekuler and
               Timothy J. Hickey},
  title     = {A Personalized Reading Coach using Wearable {EEG} Sensors - {A} Pilot
               Study of Brainwave Learning Analytics},
  booktitle = {Proceedings of the 10th International Conference on Computer Supported
               Education, {CSEDU} 2018, Funchal, Madeira, Portugal, March 15-17,
               2018, Volume 2.},
  pages     = {501--507},
  year      = {2018},
  url       = {https://doi.org/10.5220/0006814705010507},
  doi       = {10.5220/0006814705010507},
  timestamp = {Wed, 09 May 2018 16:58:19 +0200},
  biburl    = {https://dblp.org/rec/bib/conf/csedu/QuHSSH18},
  bibsource = {dblp computer science bibliography, https://dblp.org}
}

@article{keogh2001test,
  title={Test anxiety, evaluative stress, and susceptibility to distraction from threat},
  author={Keogh, Edmund and French, Christopher C},
  journal={European Journal of Personality},
  volume={15},
  number={2},
  pages={123--141},
  year={2001},
  publisher={Wiley Online Library}
}

@article{wang2017,
	author = {Wang, R. and  Blackburn, G and Desai, M.},
    title = {Accuracy of wrist-worn heart rate monitors},
    journal = {JAMA Cardiology},
    volume = {2},
    number = {1},
    pages = {104-106},
    year = {2017},
    doi = {10.1001/jamacardio.2016.3340},
  }
  
@article{terbizan2002,
    Author = {Terbizan, Donna J. and Dolezal, Brett A. and Albano, Christian},
    Journal = {Measurement in Physical Education \& Exercise Science},
    Number = {4},
    Pages = {243 - 247},
    Title = {Validity of Seven Commercially Available Heart Rate Monitors.},
    Volume = {6},
    Year = {2002}
}

@inproceedings{olguin2009capturing,
  title={Capturing individual and group behavior with wearable sensors},
  author={Olgu{\i}n, Daniel Olgu{\i}n and Gloor, Peter A and Pentland, Alex Sandy},
  booktitle={Proceedings of the 2009 aaai spring symposium on human behavior modeling, SSS},
  volume={9},
  year={2009}
}

@misc{pane2017informing,
  title={Informing progress: Insights on personalized learning implementation and effects. Santa Monica, CA: RAND Corporation},
  author={Pane, John F and Steiner, Elizabeth D and Baird, Matthew D and Hamilton, Laura S and Pane, Joseph D},
  year={2017}
}

@article{eldridge2010towards,
  title={Towards a lexical framework for CLIL},
  author={Eldridge, John and Neufeld, Steve and Hancio{\u{g}}lu, Nilgun},
  journal={International CLIL Research Journal},
  volume={1},
  number={3},
  pages={80--95},
  year={2010}
}

@article{vesselinov2012duolingo,
  title={Duolingo effectiveness study},
  author={Vesselinov, Roumen and Grego, John},
  journal={City University of New York, USA},
  volume={28},
  year={2012}
}

@article{marsh2015leaders,
  title={How leaders can support teachers with data-driven decision making: A framework for understanding capacity building},
  author={Marsh, Julie A and Farrell, Caitlin C},
  journal={Educational Management Administration \& Leadership},
  volume={43},
  number={2},
  pages={269--289},
  year={2015},
  publisher={SAGE Publications Sage UK: London, England}
}

@article{marsh2006making,
  title={Making sense of data-driven decision making in education},
  author={Marsh, Julie A and Pane, John F and Hamilton, Laura S},
  year={2006},
  publisher={Rand Corporation}
}


@article{lemke2001long,
  title={The long and the short of it: Comments on multiple timescale studies of human activity},
  author={Lemke, Jay L},
  journal={The Journal of the Learning Sciences},
  volume={10},
  number={1-2},
  pages={17--26},
  year={2001},
  publisher={Taylor \& Francis}
}

@article{hamilton2009using,
  title={Using student achievement data to support instructional decision making},
  author={Hamilton, Laura and Halverson, Richard and Jackson, Sharnell S and Mandinach, Ellen and Supovitz, Jonathan A and Wayman, Jeffrey C and Pickens, Cassandra and Martin, Emma Sama and Steele, Jennifer L},
  year={2009}
}

@article{leger1988,
    Author = {Leger, L and Thivierge, M.},
    Journal = {The Physician and Sportsmedicine},
    Number = {5},
    Pages = {143-151},
    Title = {Heart rate monitors: validity, stability, and functionality.},
    Volume = {16},
    Year = {1988}
    
}
@inproceedings{elliott2009push,
  title={Push-pull functional reactive programming},
  author={Elliott, Conal M},
  booktitle={Proceedings of the 2nd ACM SIGPLAN symposium on Haskell},
  pages={25--36},
  year={2009},
  organization={ACM}
}

@article{muehlenbrock2006learning,
  title={Learning group formation based on learner profile and context},
  author={Muehlenbrock, Martin},
  journal={International Journal on e-learning},
  volume={5},
  number={1},
  pages={19--24},
  year={2006},
  publisher={Association for the Advancement of Computing in Education (AACE)}
}

@inproceedings{cruz2014group,
  title={Group formation algorithms in collaborative learning contexts: A systematic mapping of the literature},
  author={Cruz, Wilmax Marreiro and Isotani, Seiji},
  booktitle={CYTED-RITOS International Workshop on Groupware},
  pages={199--214},
  year={2014},
  organization={Springer}
}

@article{sperling2017,
  	Author = {Sperling, R. A. and Reeves, P. M. and  Gervais, A. L. and Sloan, J. O.},
	Journal = {Psychology},
    Pages = {2295-2320},
    Title = {Development and Validation of the Self-Regulated Learning Test Anxiety Scale.},
    Volume = {8},
    Year = {2017},
     doi = {doi.org/10.4236/psych.2017.814145}
}

@book{kragh2016quantified,
  title={Quantified: Biosensing technologies in everyday life},
  author={Kragh-Furbo, Mette and Mackenzie, Adrian and Mort, Maggie and Roberts, Celia and Sherman, Jamie and Day, Sophie and Lury, Celia and Wolf, Gary and Nissenbaum, Helen and Patterson, Heather and others},
  year={2016},
  publisher={MIT Press}
}

@article{darwish2011wearable,
  title={Wearable and implantable wireless sensor network solutions for healthcare monitoring},
  author={Darwish, Ashraf and Hassanien, Aboul Ella},
  journal={Sensors},
  volume={11},
  number={6},
  pages={5561--5595},
  year={2011},
  publisher={Molecular Diversity Preservation International}
}

@inproceedings{wallner2019aggregated,
  title={Aggregated Visualization of Playtesting Data},
  author={Wallner, G{\"u}nter and Halabi, Nour and Mirza-Babaei, Pejman},
  booktitle={Proceedings of the 2019 CHI Conference on Human Factors in Computing Systems},
  pages={363},
  year={2019},
  organization={ACM}
}

@incollection{mcallister2013improving,
  title={Improving gameplay with game metrics and player metrics},
  author={McAllister, Graham and Mirza-Babaei, Pejman and Avent, Jason},
  booktitle={Game Analytics},
  pages={621--638},
  year={2013},
  publisher={Springer}
}

@incollection{nacke2013introduction,
  title={An introduction to physiological player metrics for evaluating games},
  author={Nacke, Lennart E},
  booktitle={Game analytics},
  pages={585--619},
  year={2013},
  publisher={Springer}
}

@inproceedings{petersen2017evaluating,
  title={Evaluating the Onboarding Phase of Free-toPlay Mobile Games: A Mixed-Method Approach},
  author={Petersen, Falko Weigert and Thomsen, Line Ebdrup and Mirza-Babaei, Pejman and Drachen, Anders},
  booktitle={Proceedings of the Annual Symposium on Computer-Human Interaction in Play},
  pages={377--388},
  year={2017},
  organization={ACM}
}

@incollection{nacke2015games,
  title={Games user research and physiological game evaluation},
  author={Nacke, Lennart E},
  booktitle={Game user experience evaluation},
  pages={63--86},
  year={2015},
  publisher={Springer}
}

@article{chanel2011emotion,
  title={Emotion assessment from physiological signals for adaptation of game difficulty},
  author={Chanel, Guillaume and Rebetez, Cyril and B{\'e}trancourt, Mireille and Pun, Thierry},
  journal={IEEE Transactions on Systems, Man, and Cybernetics-Part A: Systems and Humans},
  volume={41},
  number={6},
  pages={1052--1063},
  year={2011},
  publisher={IEEE}
}

@article{mandryk2007fuzzy,
  title={A fuzzy physiological approach for continuously modeling emotion during interaction with play technologies},
  author={Mandryk, Regan L and Atkins, M Stella},
  journal={International journal of human-computer studies},
  volume={65},
  number={4},
  pages={329--347},
  year={2007},
  publisher={Elsevier}
}

@article{ravaja2004contributions,
  title={Contributions of psychophysiology to media research: Review and recommendations},
  author={Ravaja, Niklas},
  journal={Media Psychology},
  volume={6},
  number={2},
  pages={193--235},
  year={2004},
  publisher={Taylor \& Francis}
}

@inproceedings{mirza2013does,
  title={How does it play better?: exploring user testing and biometric storyboards in games user research},
  author={Mirza-Babaei, Pejman and Nacke, Lennart E and Gregory, John and Collins, Nick and Fitzpatrick, Geraldine},
  booktitle={Proceedings of the SIGCHI conference on human factors in computing systems},
  pages={1499--1508},
  year={2013},
  organization={ACM}
}

@inproceedings{mirza2014unified,
  title={Unified visualization of quantitative and qualitative playtesting data},
  author={Mirza-Babaei, Pejman and Wallner, G{\"u}nter and McAllister, Graham and Nacke, Lennart E},
  booktitle={Proceedings of the extended abstracts of the 32nd annual ACM conference on Human factors in computing systems},
  pages={1363--1368},
  year={2014},
  organization={ACM}
}

@article{young2018adopting,
  title={Adopting and adapting: school leaders in the age of data-informed decision making},
  author={Young, Cornelius and McNamara, Gerry and Brown, Martin and O'Hara, Joe},
  journal={Educational Assessment, Evaluation and Accountability},
  pages={1--26},
  year={2018},
  publisher={Springer}
}

@book{mandinach2016data,
  title={Data literacy for educators: Making it count in teacher preparation and practice},
  author={Mandinach, Ellen B and Gummer, Edith S},
  year={2016},
  publisher={Teachers College Press}
}

@inproceedings{bar2002reductions,
  title={Reductions in streaming algorithms, with an application to counting triangles in graphs},
  author={Bar-Yossef, Ziv and Kumar, Ravi and Sivakumar, D},
  booktitle={Proceedings of the thirteenth annual ACM-SIAM symposium on Discrete algorithms},
  pages={623--632},
  year={2002},
  organization={Society for Industrial and Applied Mathematics}
}

@article{feigenbaum2002testing,
  title={Testing and spot-checking of data streams},
  author={Feigenbaum, Joan and Kannan, Sampath and Strauss, Martin and Viswanathan, Mahesh},
  journal={Algorithmica},
  volume={34},
  number={1},
  pages={67--80},
  year={2002},
  publisher={Springer}
}

@inproceedings{babcock2002models,
  title={Models and issues in data stream systems},
  author={Babcock, Brian and Babu, Shivnath and Datar, Mayur and Motwani, Rajeev and Widom, Jennifer},
  booktitle={Proceedings of the twenty-first ACM SIGMOD-SIGACT-SIGART symposium on Principles of database systems},
  pages={1--16},
  year={2002},
  organization={ACM}
}

@book{gama2010knowledge,
  title={Knowledge discovery from data streams},
  author={Gama, Joao},
  year={2010},
  publisher={Chapman and Hall/CRC}
}

@misc{spielberger1976nature,
  title={The Nature and Treatment of Test Anxiety: Emotion and Anxiety: New Concepts, Methods and Applications},
  author={Spielberger, CD and Anton, WD and Bedell, J},
  year={1976},
  publisher={Hillsdale, NJ: Erlbaum}
}

@article{imani2016wearable,
  title={A wearable chemical--electrophysiological hybrid biosensing system for real-time health and fitness monitoring},
  author={Imani, Somayeh and Bandodkar, Amay J and Mohan, AM Vinu and Kumar, Rajan and Yu, Shengfei and Wang, Joseph and Mercier, Patrick P},
  journal={Nature communications},
  volume={7},
  pages={11650},
  year={2016},
  publisher={Nature Publishing Group}
}

@article{esling2012time,
  title={Time-series data mining},
  author={Esling, Philippe and Agon, Carlos},
  journal={ACM Computing Surveys (CSUR)},
  volume={45},
  number={1},
  pages={12},
  year={2012},
  publisher={ACM}
}

@inproceedings{lin2003symbolic,
  title={A symbolic representation of time series, with implications for streaming algorithms},
  author={Lin, Jessica and Keogh, Eamonn and Lonardi, Stefano and Chiu, Bill},
  booktitle={Proceedings of the 8th ACM SIGMOD workshop on Research issues in data mining and knowledge discovery},
  pages={2--11},
  year={2003},
  organization={ACM}
}

@article{wahle2016mobile,
  title={Mobile sensing and support for people with depression: a pilot trial in the wild},
  author={Wahle, Fabian and Kowatsch, Tobias and Fleisch, Elgar and Rufer, Michael and Weidt, Steffi},
  journal={JMIR mHealth and uHealth},
  volume={4},
  number={3},
  pages={e111},
  year={2016},
  publisher={JMIR Publications Inc., Toronto, Canada}
}

@article{saeb2015mobile,
  title={Mobile phone sensor correlates of depressive symptom severity in daily-life behavior: an exploratory study},
  author={Saeb, Sohrab and Zhang, Mi and Karr, Christopher J and Schueller, Stephen M and Corden, Marya E and Kording, Konrad P and Mohr, David C},
  journal={Journal of medical Internet research},
  volume={17},
  number={7},
  pages={e175},
  year={2015},
  publisher={JMIR Publications Inc., Toronto, Canada}
}

@article{alghowinem2016multimodal,
  title={Multimodal depression detection: fusion analysis of paralinguistic, head pose and eye gaze behaviors},
  author={Alghowinem, Sharifa and Goecke, Roland and Wagner, Michael and Epps, Julien and Hyett, Matthew and Parker, Gordon and Breakspear, Michael},
  journal={IEEE Transactions on Affective Computing},
  year={2016},
  publisher={IEEE}
}

@article{all2015towards,
  title={Towards a conceptual framework for assessing the effectiveness of digital game-based learning},
  author={All, Anissa and Castellar, Elena Patricia Nu{\~n}ez and Van Looy, Jan},
  journal={Computers \& Education},
  volume={88},
  pages={29--37},
  year={2015},
  publisher={Elsevier}
}

@inproceedings{mehrotra2016towards,
  title={Towards multi-modal anticipatory monitoring of depressive states through the analysis of human-smartphone interaction},
  author={Mehrotra, Abhinav and Hendley, Robert and Musolesi, Mirco},
  booktitle={Proceedings of the 2016 ACM International Joint Conference on Pervasive and Ubiquitous Computing: Adjunct},
  pages={1132--1138},
  year={2016},
  organization={ACM}
}

@article{huckins2019fusing,
  title={Fusing Mobile Phone Sensing and Brain Imaging to Assess Depression in College Students},
  author={Huckins, Jeremy F and daSilva, Alex W and Wang, Rui and Wang, Weichen and Hedlund, Elin L and Murphy, Eilis I and Lopez, Richard B and Rogers, Courtney and Holtzheimer, Paul E and Kelley, William M and others},
  journal={Frontiers in Neuroscience},
  volume={13},
  pages={248},
  year={2019},
  publisher={Frontiers}
}

@inproceedings{rabbi2011passive,
  title={Passive and in-situ assessment of mental and physical well-being using mobile sensors},
  author={Rabbi, Mashfiqui and Ali, Shahid and Choudhury, Tanzeem and Berke, Ethan},
  booktitle={Proceedings of the 13th international conference on Ubiquitous computing},
  pages={385--394},
  year={2011},
  organization={ACM}
}

@article{wang2018tracking,
  title={Tracking Depression Dynamics in College Students Using Mobile Phone and Wearable Sensing},
  author={Wang, Rui and Wang, Weichen and daSilva, Alex and Huckins, Jeremy F and Kelley, William M and Heatherton, Todd F and Campbell, Andrew T},
  journal={Proceedings of the ACM on Interactive, Mobile, Wearable and Ubiquitous Technologies},
  volume={2},
  number={1},
  pages={43},
  year={2018},
  publisher={ACM}
}

@article{lara2014general,
  title={A general framework for time series data mining based on event analysis: Application to the medical domains of electroencephalography and stabilometry},
  author={Lara, Juan A and Lizcano, David and P{\'e}rez, Aurora and Valente, Juan P},
  journal={Journal of biomedical informatics},
  volume={51},
  pages={219--241},
  year={2014},
  publisher={Elsevier}
}

@inproceedings{bomfim2020food,
  title={Food Literacy while Shopping: Motivating Informed Food Purchasing Behaviour with a Situated Gameful App},
  author={Bomfim, Marcela CC and Kirkpatrick, Sharon I and Nacke, Lennart E and Wallace, James R},
  booktitle={Proceedings of the 2020 CHI Conference on Human Factors in Computing Systems},
  pages={1--13},
  year={2020}
}

@article{hendrie2008exploring,
  title={Exploring nutrition knowledge and the demographic variation in knowledge levels in an Australian community sample},
  author={Hendrie, Gillian Anne and Coveney, John and Cox, David},
  journal={Public Health Nutrition},
  volume={11},
  number={12},
  pages={1365--1371},
  year={2008},
  publisher={Cambridge University Press}
}

@article{beydoun2008nutrition,
  title={Do nutrition knowledge and beliefs modify the association of socio-economic factors and diet quality among US adults?},
  author={Beydoun, May A and Wang, Youfa},
  journal={Preventive medicine},
  volume={46},
  number={2},
  pages={145--153},
  year={2008},
  publisher={Elsevier}
}

@article{pandit2018knowledge,
  title={Knowledge of nutrition and physical activity in apparently healthy Indian adults},
  author={Pandit-Agrawal, Deepa and Khadilkar, Anuradha and Chiplonkar, Shashi and Khadilkar, Vaman},
  journal={Public health nutrition},
  volume={21},
  number={9},
  pages={1743--1752},
  year={2018},
  publisher={Cambridge University Press}
}

@article{vasconcelos2020nutrition,
  title={Nutrition-related knowledge and its determinants in middle-aged and older patients with type 2 diabetes},
  author={Vasconcelos, Carlos and Almeida, Ant{\'o}nio and S{\'a}, Carla and Viana, Jo{\~a}o and Cabral, Maria and Ramos, Elisabete and Mendes, Romeu},
  journal={Primary care diabetes},
  volume={14},
  number={2},
  pages={119--125},
  year={2020},
  publisher={Elsevier}
}

@article{barbosa2016nutrition,
  title={Nutrition knowledge assessment studies in adults: a systematic review},
  author={Barbosa, L{\'\i}dia Bezerra and Vasconcelos, Sandra Mary Lima and Correia, Lourani Oliveira dos Santos and Ferreira, Raphaela Costa},
  journal={Ciencia \& saude coletiva},
  volume={21},
  pages={449--462},
  year={2016},
  publisher={SciELO Public Health}
}

@article{mehrotra2017mytraces,
  title={MyTraces: investigating correlation and causation between users' emotional states and mobile phone interaction},
  author={Mehrotra, Abhinav and Tsapeli, Fani and Hendley, Robert and Musolesi, Mirco},
  journal={Proceedings of the ACM on Interactive, Mobile, Wearable and Ubiquitous Technologies},
  volume={1},
  number={3},
  pages={83},
  year={2017},
  publisher={ACM}
}
@article{sandryhaila2014big,
  title={Big data analysis with signal processing on graphs: Representation and processing of massive data sets with irregular structure},
  author={Sandryhaila, Aliaksei and Moura, Jose MF},
  journal={IEEE Signal Processing Magazine},
  volume={31},
  number={5},
  pages={80--90},
  year={2014},
  publisher={IEEE}
}

@article{radu2018multimodal,
  title={Multimodal deep learning for activity and context recognition},
  author={Radu, Valentin and Tong, Catherine and Bhattacharya, Sourav and Lane, Nicholas D and Mascolo, Cecilia and Marina, Mahesh K and Kawsar, Fahim},
  journal={Proceedings of the ACM on Interactive, Mobile, Wearable and Ubiquitous Technologies},
  volume={1},
  number={4},
  pages={157},
  year={2018},
  publisher={ACM}
}

@article{ball2012review,
  title={Review of data management lifecycle models},
  author={Ball, Alexander},
  year={2012},
  publisher={University of Bath}
}

@inproceedings{demchenko2013addressing,
  title={Addressing big data issues in scientific data infrastructure},
  author={Demchenko, Yuri and Grosso, Paola and De Laat, Cees and Membrey, Peter},
  booktitle={Collaboration Technologies and Systems (CTS), 2013 International Conference on},
  pages={48--55},
  year={2013},
  organization={IEEE}
}